@Manual{R-abind,
  title = {abind: Combine Multidimensional Arrays},
  author = {Tony Plate and Richard Heiberger},
  year = {2016},
  note = {R package version 1.4-5},
  url = {https://CRAN.R-project.org/package=abind},
}

@Manual{R-acepack,
  title = {acepack: ACE and AVAS for Selecting Multiple Regression Transformations},
  author = {Phil Spector and Jerome Friedman and Robert Tibshirani and Thomas Lumley and Shawn Garbett and Jonathan Baron},
  year = {2016},
  note = {R package version 1.4.1},
  url = {https://CRAN.R-project.org/package=acepack},
}

@Manual{R-addinexamples,
  title = {addinexamples: RStudio Addins},
  author = {Kevin Ushey},
  year = {2021},
  note = {R package version 0.1.0},
}

@Manual{R-agricolae,
  title = {agricolae: Statistical Procedures for Agricultural Research},
  author = {Felipe {de Mendiburu}},
  year = {2020},
  note = {R package version 1.3-3},
  url = {http://tarwi.lamolina.edu.pe/~fmendiburu},
}

@Manual{R-AlgDesign,
  title = {AlgDesign: Algorithmic Experimental Design},
  author = {Bob Wheeler},
  year = {2019},
  note = {R package version 1.2.0},
  url = {https://github.com/jvbraun/AlgDesign},
}

@Manual{R-alphahull,
  title = {alphahull: Generalization of the Convex Hull of a Sample of Points in the
Plane},
  author = {Beatriz Pateiro-Lopez and Alberto Rodriguez-Casal and {.}},
  year = {2019},
  note = {R package version 2.2},
  url = {https://CRAN.R-project.org/package=alphahull},
}

@Manual{R-ape,
  title = {ape: Analyses of Phylogenetics and Evolution},
  author = {Emmanuel Paradis and Simon Blomberg and Ben Bolker and Joseph Brown and Santiago Claramunt and Julien Claude and Hoa Sien Cuong and Richard Desper and Gilles Didier and Benoit Durand and Julien Dutheil and RJ Ewing and Olivier Gascuel and Thomas Guillerme and Christoph Heibl and Anthony Ives and Bradley Jones and Franz Krah and Daniel Lawson and Vincent Lefort and Pierre Legendre and Jim Lemon and Guillaume Louvel and Eric Marcon and Rosemary McCloskey and Johan Nylander and Rainer Opgen-Rhein and Andrei-Alin Popescu and Manuela Royer-Carenzi and Klaus Schliep and Korbinian Strimmer and Damien {de Vienne}},
  year = {2020},
  note = {R package version 5.4-1},
  url = {http://ape-package.ird.fr/},
}

@Manual{R-aqp,
  title = {aqp: Algorithms for Quantitative Pedology},
  author = {Dylan Beaudette and Pierre Roudier and Andrew Brown},
  year = {2020},
  note = {R package version 1.25},
  url = {https://github.com/ncss-tech/aqp},
}

@Manual{R-ash,
  title = {ash: David Scott's ASH Routines},
  author = {David W. Scott and Albrecht Gebhardt and Stephen Kaluzny},
  year = {2015},
  note = {R package version 1.0-15},
  url = {https://CRAN.R-project.org/package=ash},
}

@Manual{R-asi468,
  title = {asi468: Store Glassware Data and Other Information for Repeteated Lab
Tasks},
  author = {Evan Mascitti},
  year = {2021},
  note = {R package version 0.0.0.9002},
  url = {https://github.com/evanmascitti/asi468},
}

@Manual{R-AsioHeaders,
  title = {AsioHeaders: Asio C++ Header Files},
  author = {Dirk Eddelbuettel},
  year = {2020},
  note = {R package version 1.16.1-1},
  url = {https://CRAN.R-project.org/package=AsioHeaders},
}

@Manual{R-askpass,
  title = {askpass: Safe Password Entry for R, Git, and SSH},
  author = {Jeroen Ooms},
  year = {2019},
  note = {R package version 1.1},
  url = {https://github.com/jeroen/askpass#readme},
}

@Manual{R-assertthat,
  title = {assertthat: Easy Pre and Post Assertions},
  author = {Hadley Wickham},
  year = {2019},
  note = {R package version 0.2.1},
  url = {https://CRAN.R-project.org/package=assertthat},
}

@Manual{R-audio,
  title = {audio: Audio Interface for R},
  author = {Simon Urbanek},
  year = {2020},
  note = {R package version 0.1-7},
  url = {http://www.rforge.net/audio/},
}

@Manual{R-available,
  title = {available: Check if the Title of a Package is Available, Appropriate and
Interesting},
  author = {Carl Ganz and Gábor Csárdi and Jim Hester and Molly Lewis and Rachael Tatman},
  year = {2019},
  note = {R package version 1.0.4},
  url = {https://github.com/ropenscilabs/available},
}

@Manual{R-backports,
  title = {backports: Reimplementations of Functions Introduced Since R-3.0.0},
  author = {Michel Lang and {R Core Team}},
  year = {2020},
  note = {R package version 1.2.1},
  url = {https://github.com/r-lib/backports},
}

@Manual{R-badger,
  title = {badger: Badge for R Package},
  author = {Guangchuang Yu},
  year = {2020},
  note = {R package version 0.0.9},
  url = {https://github.com/GuangchuangYu/badger},
}

@Manual{R-balldensityplots,
  title = {balldensityplots: What the Package Does (One Line, Title Case)},
  author = {First Last},
  year = {2021},
  note = {R package version 0.0.0.9000},
}

@Manual{R-base,
  title = {R: A Language and Environment for Statistical Computing},
  author = {{R Core Team}},
  organization = {R Foundation for Statistical Computing},
  address = {Vienna, Austria},
  year = {2021},
  url = {https://www.R-project.org/},
}

@Manual{R-base64enc,
  title = {base64enc: Tools for base64 encoding},
  author = {Simon Urbanek},
  year = {2015},
  note = {R package version 0.1-3},
  url = {http://www.rforge.net/base64enc},
}

@Manual{R-baseballr,
  title = {baseballr: Functions for acquiring and analyzing baseball data},
  author = {Bill Petti},
  year = {2020},
  note = {R package version 0.8.3},
  url = {https://billpetti.github.io/baseballr/},
}

@Manual{R-baseline,
  title = {baseline: Baseline Correction of Spectra},
  author = {Kristian Hovde Liland and Bjørn-Helge Mevik},
  year = {2020},
  note = {R package version 1.3-1},
  url = {https://CRAN.R-project.org/package=baseline},
}

@Manual{R-bayestestR,
  title = {bayestestR: Understand and Describe Bayesian Models and Posterior
Distributions},
  author = {Dominique Makowski and Daniel Lüdecke and Mattan S. Ben-Shachar and Indrajeet Patil and Michael D. Wilson},
  year = {2021},
  note = {R package version 0.9.0},
  url = {https://easystats.github.io/bayestestR/},
}

@Manual{R-beepr,
  title = {beepr: Easily Play Notification Sounds on any Platform},
  author = {Rasmus Bååth},
  year = {2018},
  note = {R package version 1.3},
  url = {https://CRAN.R-project.org/package=beepr},
}

@Manual{R-BH,
  title = {BH: Boost C++ Header Files},
  author = {Dirk Eddelbuettel and John W. Emerson and Michael J. Kane},
  year = {2021},
  note = {R package version 1.75.0-0},
  url = {https://github.com/eddelbuettel/bh},
}

@Manual{R-BiocManager,
  title = {BiocManager: Access the Bioconductor Project Package Repository},
  author = {Martin Morgan},
  year = {2019},
  note = {R package version 1.30.10},
  url = {https://CRAN.R-project.org/package=BiocManager},
}

@Manual{R-bit,
  title = {bit: Classes and Methods for Fast Memory-Efficient Boolean Selections},
  author = {Jens Oehlschlägel and Brian Ripley},
  year = {2020},
  note = {R package version 4.0.4},
  url = {https://github.com/truecluster/bit},
}

@Manual{R-bit64,
  title = {bit64: A S3 Class for Vectors of 64bit Integers},
  author = {Jens Oehlschlägel and Leonardo Silvestri},
  year = {2020},
  note = {R package version 4.0.5},
  url = {https://github.com/truecluster/bit64},
}

@Manual{R-bitops,
  title = {bitops: Bitwise Operations},
  author = {Steve Dutky and Martin Maechler},
  year = {2013},
  note = {R package version 1.0-6},
  url = {https://CRAN.R-project.org/package=bitops},
}

@Manual{R-blob,
  title = {blob: A Simple S3 Class for Representing Vectors of Binary Data
(BLOBS)},
  author = {Hadley Wickham},
  year = {2020},
  note = {R package version 1.2.1},
  url = {https://github.com/tidyverse/blob},
}

@Manual{R-blogdown,
  title = {blogdown: Create Blogs and Websites with R Markdown},
  author = {Yihui Xie and Christophe Dervieux and Alison {Presmanes Hill}},
  year = {2021},
  note = {R package version 1.1},
  url = {https://github.com/rstudio/blogdown},
}

@Manual{R-bmp,
  title = {bmp: Read Windows Bitmap (BMP) Images},
  author = {Gregory Jefferis},
  year = {2017},
  note = {R package version 0.3},
  url = {https://CRAN.R-project.org/package=bmp},
}

@Manual{R-bookdown,
  title = {bookdown: Authoring Books and Technical Documents with R Markdown},
  author = {Yihui Xie},
  year = {2021},
  note = {R package version 0.22},
  url = {https://CRAN.R-project.org/package=bookdown},
}

@Manual{R-boot,
  title = {boot: Bootstrap Functions (Originally by Angelo Canty for S)},
  author = {Angelo Canty and Brian Ripley},
  year = {2021},
  note = {R package version 1.3-27},
  url = {https://CRAN.R-project.org/package=boot},
}

@Manual{R-brew,
  title = {brew: Templating Framework for Report Generation},
  author = {Jeffrey Horner},
  year = {2011},
  note = {R package version 1.0-6},
  url = {https://CRAN.R-project.org/package=brew},
}

@Manual{R-brio,
  title = {brio: Basic R Input Output},
  author = {Jim Hester},
  year = {2021},
  note = {R package version 1.1.1},
  url = {https://github.com/r-lib/brio},
}

@Manual{R-broom,
  title = {broom: Convert Statistical Objects into Tidy Tibbles},
  author = {David Robinson and Alex Hayes and Simon Couch},
  year = {2021},
  note = {R package version 0.7.6},
  url = {https://CRAN.R-project.org/package=broom},
}

@Manual{R-BRRR,
  title = {BRRR: Rap adlibs in R},
  author = {Brooke Watson},
  year = {2015},
  note = {R package version 1.2},
}

@Manual{R-bslib,
  title = {bslib: Custom Bootstrap 'Sass' Themes for shiny and rmarkdown},
  author = {Carson Sievert and Joe Cheng},
  year = {2021},
  note = {R package version 0.2.4},
  url = {https://CRAN.R-project.org/package=bslib},
}

@Manual{R-cachem,
  title = {cachem: Cache R Objects with Automatic Pruning},
  author = {Winston Chang},
  year = {2021},
  note = {R package version 1.0.4},
  url = {https://CRAN.R-project.org/package=cachem},
}

@Manual{R-Cairo,
  title = {Cairo: R Graphics Device using Cairo Graphics Library for Creating
High-Quality Bitmap (PNG, JPEG, TIFF), Vector (PDF, SVG,
PostScript) and Display (X11 and Win32) Output},
  author = {Simon Urbanek and Jeffrey Horner},
  year = {2020},
  note = {R package version 1.5-12.2},
  url = {http://www.rforge.net/Cairo/},
}

@Manual{R-callr,
  title = {callr: Call R from R},
  author = {Gábor Csárdi and Winston Chang},
  year = {2021},
  note = {R package version 3.7.0},
  url = {https://CRAN.R-project.org/package=callr},
}

@Manual{R-car,
  title = {car: Companion to Applied Regression},
  author = {John Fox and Sanford Weisberg and Brad Price},
  year = {2020},
  note = {R package version 3.0-10},
  url = {https://CRAN.R-project.org/package=car},
}

@Manual{R-carData,
  title = {carData: Companion to Applied Regression Data Sets},
  author = {John Fox and Sanford Weisberg and Brad Price},
  year = {2020},
  note = {R package version 3.0-4},
  url = {https://CRAN.R-project.org/package=carData},
}

@Manual{R-caTools,
  title = {caTools: Tools: Moving Window Statistics, GIF, Base64, ROC AUC, etc},
  author = {Jarek Tuszynski},
  year = {2020},
  note = {R package version 1.18.0},
  url = {https://CRAN.R-project.org/package=caTools},
}

@Manual{R-cdata,
  title = {cdata: Fluid Data Transformations},
  author = {John Mount and Nina Zumel},
  year = {2020},
  note = {R package version 1.1.9},
  url = {https://CRAN.R-project.org/package=cdata},
}

@Manual{R-cellranger,
  title = {cellranger: Translate Spreadsheet Cell Ranges to Rows and Columns},
  author = {Jennifer Bryan},
  year = {2016},
  note = {R package version 1.1.0},
  url = {https://github.com/rsheets/cellranger},
}

@Manual{R-changer,
  title = {changer: Change R Package Name},
  author = {Jouni Helske},
  year = {2018},
  note = {R package version 0.0.3},
  url = {https://github.com/helske/changer},
}

@Manual{R-checkmate,
  title = {checkmate: Fast and Versatile Argument Checks},
  author = {Michel Lang},
  year = {2020},
  note = {R package version 2.0.0},
  url = {https://github.com/mllg/checkmate},
}

@Manual{R-chromote,
  title = {chromote: Headless Chrome Web Browser Interface},
  author = {Winston Chang},
  year = {2021},
  note = {R package version 0.0.0.9003},
}

@Manual{R-circular,
  title = {circular: Circular Statistics},
  author = {Ulric Lund and Claudio Agostinelli and Hiroyoshi Arai and Alessando Gagliardi and Eduardo Garcia Portugues and Dimitri Giunchi and Jean-Olivier Irisson and Matthew Pocernich and Federico Rotolo},
  year = {2017},
  note = {R package version 0.4-93},
  url = {https://CRAN.R-project.org/package=circular},
}

@Manual{R-class,
  title = {class: Functions for Classification},
  author = {Brian Ripley},
  year = {2021},
  note = {R package version 7.3-18},
  url = {http://www.stats.ox.ac.uk/pub/MASS4/},
}

@Manual{R-classInt,
  title = {classInt: Choose Univariate Class Intervals},
  author = {Roger Bivand},
  year = {2020},
  note = {R package version 0.4-3},
  url = {https://CRAN.R-project.org/package=classInt},
}

@Manual{R-cli,
  title = {cli: Helpers for Developing Command Line Interfaces},
  author = {Gábor Csárdi},
  year = {2021},
  note = {R package version 2.5.0},
  url = {https://github.com/r-lib/cli#readme},
}

@Manual{R-clipr,
  title = {clipr: Read and Write from the System Clipboard},
  author = {Matthew Lincoln},
  year = {2020},
  note = {R package version 0.7.1},
  url = {https://github.com/mdlincoln/clipr},
}

@Manual{R-clisymbols,
  title = {clisymbols: Unicode Symbols at the R Prompt},
  author = {Gábor Csárdi and Sindre Sorhus},
  year = {2017},
  note = {R package version 1.2.0},
  url = {https://github.com/gaborcsardi/clisymbols},
}

@Manual{R-cluster,
  title = {cluster: "Finding Groups in Data": Cluster Analysis Extended Rousseeuw et
al.},
  author = {Martin Maechler and Peter Rousseeuw and Anja Struyf and Mia Hubert},
  year = {2021},
  note = {R package version 2.1.1},
  url = {https://svn.r-project.org/R-packages/trunk/cluster/},
}

@Manual{R-codetools,
  title = {codetools: Code Analysis Tools for R},
  author = {Luke Tierney},
  year = {2020},
  note = {R package version 0.2-18},
  url = {https://gitlab.com/luke-tierney/codetools},
}

@Manual{R-colorblindr,
  title = {colorblindr: Simulate colorblindness in R figures},
  author = {Claire D. McWhite and Claus O. Wilke},
  year = {2021},
  note = {R package version 0.1.0},
  url = {https://github.com/clauswilke/colorblindr},
}

@Manual{R-colorRamps,
  title = {colorRamps: Builds color tables},
  author = {Tim Keitt},
  year = {2012},
  note = {R package version 2.3},
  url = {https://CRAN.R-project.org/package=colorRamps},
}

@Manual{R-colorspace,
  title = {colorspace: A Toolbox for Manipulating and Assessing Colors and Palettes},
  author = {Ross Ihaka and Paul Murrell and Kurt Hornik and Jason C. Fisher and Reto Stauffer and Claus O. Wilke and Claire D. McWhite and Achim Zeileis},
  year = {2020},
  note = {R package version 2.0-0},
  url = {https://CRAN.R-project.org/package=colorspace},
}

@Manual{R-combinat,
  title = {combinat: combinatorics utilities},
  author = {Scott Chasalow},
  year = {2012},
  note = {R package version 0.0-8},
  url = {https://CRAN.R-project.org/package=combinat},
}

@Manual{R-commonmark,
  title = {commonmark: High Performance CommonMark and Github Markdown Rendering in R},
  author = {Jeroen Ooms},
  year = {2018},
  note = {R package version 1.7},
  url = {https://CRAN.R-project.org/package=commonmark},
}

@Manual{R-conquer,
  title = {conquer: Convolution-Type Smoothed Quantile Regression},
  author = {Xuming He and Xiaoou Pan and Kean Ming Tan and Wen-Xin Zhou},
  year = {2020},
  note = {R package version 1.0.2},
  url = {https://github.com/XiaoouPan/conquer},
}

@Manual{R-corrplot,
  title = {corrplot: Visualization of a Correlation Matrix},
  author = {Taiyun Wei and Viliam Simko},
  year = {2017},
  note = {R package version 0.84},
  url = {https://github.com/taiyun/corrplot},
}

@Manual{R-covr,
  title = {covr: Test Coverage for Packages},
  author = {Jim Hester},
  year = {2020},
  note = {R package version 3.5.1},
  url = {https://CRAN.R-project.org/package=covr},
}

@Manual{R-cowplot,
  title = {cowplot: Streamlined Plot Theme and Plot Annotations for ggplot2},
  author = {Claus O. Wilke},
  year = {2021},
  note = {R package version 1.1.1},
  url = {https://wilkelab.org/cowplot/},
}

@Manual{R-cpp11,
  title = {cpp11: A C++11 Interface for R's C Interface},
  author = {Jim Hester},
  year = {2021},
  note = {R package version 0.2.7},
  url = {https://github.com/r-lib/cpp11},
}

@Manual{R-crayon,
  title = {crayon: Colored Terminal Output},
  author = {Gábor Csárdi},
  year = {2021},
  note = {R package version 1.4.1},
  url = {https://github.com/r-lib/crayon#readme},
}

@Manual{R-credentials,
  title = {credentials: Tools for Managing SSH and Git Credentials},
  author = {Jeroen Ooms},
  year = {2020},
  note = {R package version 1.3.0},
  url = {https://CRAN.R-project.org/package=credentials},
}

@Manual{R-crosstalk,
  title = {crosstalk: Inter-Widget Interactivity for HTML Widgets},
  author = {Joe Cheng and Carson Sievert},
  year = {2021},
  note = {R package version 1.1.1},
  url = {https://rstudio.github.io/crosstalk/},
}

@Manual{R-curl,
  title = {curl: A Modern and Flexible Web Client for R},
  author = {Jeroen Ooms},
  year = {2021},
  note = {R package version 4.3.1},
  url = {https://CRAN.R-project.org/package=curl},
}

@Manual{R-data.table,
  title = {data.table: Extension of `data.frame`},
  author = {Matt Dowle and Arun Srinivasan},
  year = {2021},
  note = {R package version 1.14.0},
  url = {https://CRAN.R-project.org/package=data.table},
}

@Manual{R-data.tree,
  title = {data.tree: General Purpose Hierarchical Data Structure},
  author = {Christoph Glur},
  year = {2020},
  note = {R package version 1.0.0},
  url = {http://github.com/gluc/data.tree},
}

@Manual{R-datapasta,
  title = {datapasta: R Tools for Data Copy-Pasta},
  author = {Miles McBain and Jonathan Carroll and Sharla Gelfand and Suthira Owlarn and Garrick Aden-Buie},
  year = {2020},
  note = {R package version 3.1.0},
  url = {https://github.com/milesmcbain/datapasta},
}

@Manual{R-DBI,
  title = {DBI: R Database Interface},
  author = {{R Special Interest Group on Databases (R-SIG-DB)} and Hadley Wickham and Kirill Müller},
  year = {2021},
  note = {R package version 1.1.1},
  url = {https://CRAN.R-project.org/package=DBI},
}

@Manual{R-dbplyr,
  title = {dbplyr: A dplyr Back End for Databases},
  author = {Hadley Wickham and Maximilian Girlich and Edgar Ruiz},
  year = {2021},
  note = {R package version 2.1.1},
  url = {https://CRAN.R-project.org/package=dbplyr},
}

@Manual{R-deldir,
  title = {deldir: Delaunay Triangulation and Dirichlet (Voronoi) Tessellation},
  author = {Rolf Turner},
  year = {2020},
  note = {R package version 0.2-3},
  url = {https://CRAN.R-project.org/package=deldir},
}

@Manual{R-desc,
  title = {desc: Manipulate DESCRIPTION Files},
  author = {Gábor Csárdi and Kirill Müller and Jim Hester},
  year = {2021},
  note = {R package version 1.3.0},
  url = {https://github.com/r-lib/desc#readme},
}

@Manual{R-DescTools,
  title = {DescTools: Tools for Descriptive Statistics},
  author = {Andri Signorell},
  year = {2020},
  note = {R package version 0.99.39},
  url = {https://CRAN.R-project.org/package=DescTools},
}

@Manual{R-devtools,
  title = {devtools: Tools to Make Developing R Packages Easier},
  author = {Hadley Wickham and Jim Hester and Winston Chang},
  year = {2020},
  note = {R package version 2.3.2},
  url = {https://CRAN.R-project.org/package=devtools},
}

@Manual{R-diffobj,
  title = {diffobj: Diffs for R Objects},
  author = {Brodie Gaslam},
  year = {2021},
  note = {R package version 0.3.3},
  url = {https://github.com/brodieG/diffobj},
}

@Manual{R-diffr,
  title = {diffr: Display Differences Between Two Files using Codediff Library},
  author = {John Muschelli},
  year = {2017},
  note = {R package version 0.1},
  url = {https://CRAN.R-project.org/package=diffr},
}

@Manual{R-digest,
  title = {digest: Create Compact Hash Digests of R Objects},
  author = {Dirk Eddelbuettel},
  year = {2020},
  note = {R package version 0.6.27},
  url = {http://dirk.eddelbuettel.com/code/digest.html},
}

@Manual{R-distill,
  title = {distill: R Markdown Format for Scientific and Technical Writing},
  author = {JJ Allaire and Rich Iannone and Alison {Presmanes Hill} and Yihui Xie},
  year = {2021},
  note = {R package version 1.2},
  url = {https://CRAN.R-project.org/package=distill},
}

@Manual{R-dlstats,
  title = {dlstats: Download Stats of R Packages},
  author = {Guangchuang Yu},
  year = {2019},
  note = {R package version 0.1.3},
  url = {https://github.com/GuangchuangYu/dlstats},
}

@Manual{R-doParallel,
  title = {doParallel: Foreach Parallel Adaptor for the parallel Package},
  author = {Microsoft Corporation and Steve Weston},
  year = {2020},
  note = {R package version 1.0.16},
  url = {https://CRAN.R-project.org/package=doParallel},
}

@Manual{R-dotCall64,
  title = {dotCall64: Enhanced Foreign Function Interface Supporting Long Vectors},
  author = {Kaspar Moesinger},
  year = {2018},
  note = {R package version 1.0-0},
  url = {https://git.math.uzh.ch/reinhard.furrer/dotCall64},
}

@Manual{R-downlit,
  title = {downlit: Syntax Highlighting and Automatic Linking},
  author = {Hadley Wickham},
  year = {2020},
  note = {R package version 0.2.1},
  url = {https://CRAN.R-project.org/package=downlit},
}

@Manual{R-downloader,
  title = {downloader: Download Files over HTTP and HTTPS},
  author = {Winston Chang},
  year = {2015},
  note = {R package version 0.4},
  url = {https://github.com/wch/downloader},
}

@Manual{R-dplyr,
  title = {dplyr: A Grammar of Data Manipulation},
  author = {Hadley Wickham and Romain François and Lionel Henry and Kirill Müller},
  year = {2021},
  note = {https://dplyr.tidyverse.org, https://github.com/tidyverse/dplyr},
}

@Manual{R-DT,
  title = {DT: A Wrapper of the JavaScript Library DataTables},
  author = {Yihui Xie and Joe Cheng and Xianying Tan},
  year = {2021},
  note = {R package version 0.17},
  url = {https://github.com/rstudio/DT},
}

@Manual{R-dtplyr,
  title = {dtplyr: Data Table Back-End for dplyr},
  author = {Hadley Wickham},
  year = {2021},
  note = {R package version 1.1.0},
  url = {https://github.com/tidyverse/dtplyr},
}

@Manual{R-e1071,
  title = {e1071: Misc Functions of the Department of Statistics, Probability
Theory Group (Formerly: E1071), TU Wien},
  author = {David Meyer and Evgenia Dimitriadou and Kurt Hornik and Andreas Weingessel and Friedrich Leisch},
  year = {2021},
  note = {R package version 1.7-6},
  url = {https://CRAN.R-project.org/package=e1071},
}

@Manual{R-ecmfuns,
  title = {ecmfuns: A Compilation of My Own Personal R Functions},
  author = {Evan Mascitti},
  note = {R package version 0.0.0.9004},
  url = {https://github.com/evanmascitti/ecmfuns},
  year = {2021},
}

@Manual{R-effects,
  title = {effects: Effect Displays for Linear, Generalized Linear, and Other Models},
  author = {John Fox and Sanford Weisberg and Brad Price and Michael Friendly and Jangman Hong},
  year = {2020},
  note = {R package version 4.2-0},
  url = {https://CRAN.R-project.org/package=effects},
}

@Manual{R-effectsize,
  title = {effectsize: Indices of Effect Size and Standardized Parameters},
  author = {Mattan S. Ben-Shachar and Dominique Makowski and Daniel Lüdecke},
  year = {2021},
  note = {R package version 0.4.4-1},
  url = {https://easystats.github.io/effectsize/},
}

@Manual{R-ellipsis,
  title = {ellipsis: Tools for Working with ...},
  author = {Hadley Wickham},
  year = {2021},
  note = {R package version 0.3.2},
  url = {https://CRAN.R-project.org/package=ellipsis},
}

@Manual{R-emmeans,
  title = {emmeans: Estimated Marginal Means, aka Least-Squares Means},
  author = {Russell Lenth},
  year = {2020},
  note = {R package version 1.5.2-1},
  url = {https://github.com/rvlenth/emmeans},
}

@Manual{R-emo,
  title = {emo: Easily Insert Emoji},
  author = {Hadley Wickham and Romain François and Lucy {D'Agostino McGowan}},
  year = {2021},
  note = {R package version 0.0.0.9000},
  url = {https://github.com/hadley/emo},
}

@Manual{R-estimability,
  title = {estimability: Tools for Assessing Estimability of Linear Predictions},
  author = {Russell Lenth},
  year = {2018},
  note = {R package version 1.3},
  url = {https://CRAN.R-project.org/package=estimability},
}

@Manual{R-evaluate,
  title = {evaluate: Parsing and Evaluation Tools that Provide More Details than the
Default},
  author = {Hadley Wickham and Yihui Xie},
  year = {2019},
  note = {R package version 0.14},
  url = {https://github.com/r-lib/evaluate},
}

@Manual{R-Exact,
  title = {Exact: Unconditional Exact Test},
  author = {Peter Calhoun},
  year = {2020},
  note = {R package version 2.1},
  url = {https://CRAN.R-project.org/package=Exact},
}

@Manual{R-expm,
  title = {expm: Matrix Exponential, Log, etc},
  author = {Vincent Goulet and Christophe Dutang and Martin Maechler and David Firth and Marina Shapira and Michael Stadelmann},
  year = {2020},
  note = {R package version 0.999-5},
  url = {http://R-Forge.R-project.org/projects/expm/},
}

@Manual{R-extrafont,
  title = {extrafont: Tools for using fonts},
  author = {Winston Chang,},
  year = {2014},
  note = {R package version 0.17},
  url = {https://github.com/wch/extrafont},
}

@Manual{R-extrafontdb,
  title = {extrafontdb: Package for holding the database for the extrafont package},
  author = {Winston Chang},
  year = {2012},
  note = {R package version 1.0},
  url = {https://github.com/wch/extrafontdb},
}

@Manual{R-fansi,
  title = {fansi: ANSI Control Sequence Aware String Functions},
  author = {Brodie Gaslam},
  year = {2021},
  note = {R package version 0.4.2},
  url = {https://github.com/brodieG/fansi},
}

@Manual{R-farver,
  title = {farver: High Performance Colour Space Manipulation},
  author = {Thomas Lin Pedersen and Berendea Nicolae and Romain François},
  year = {2021},
  note = {R package version 2.1.0},
  url = {https://CRAN.R-project.org/package=farver},
}

@Manual{R-fastmap,
  title = {fastmap: Fast Data Structures},
  author = {Winston Chang},
  year = {2021},
  note = {R package version 1.1.0},
  url = {https://CRAN.R-project.org/package=fastmap},
}

@Manual{R-features,
  title = {features: Feature Extraction for Discretely-Sampled Functional Data},
  author = {Ravi Varadhan and Johns Hopkins University and MKG Subramaniam and AT&T Reserach Labs.},
  year = {2015},
  note = {R package version 2015.12-1},
  url = {http://www.jhsph.edu/agingandhealth/People/Faculty_personal_pages/Varadhan.html},
}

@Manual{R-fields,
  title = {fields: Tools for Spatial Data},
  author = {Douglas Nychka and Reinhard Furrer and John Paige and Stephan Sain and Florian Gerber and Matthew Iverson},
  year = {2020},
  note = {R package version 11.6},
  url = {https://github.com/NCAR/Fields},
}

@Manual{R-flexdashboard,
  title = {flexdashboard: R Markdown Format for Flexible Dashboards},
  author = {Richard Iannone and JJ Allaire and Barbara Borges},
  year = {2020},
  note = {R package version 0.5.2},
  url = {http://rmarkdown.rstudio.com/flexdashboard},
}

@Manual{R-flextable,
  title = {flextable: Functions for Tabular Reporting},
  author = {David Gohel},
  year = {2021},
  note = {R package version 0.6.4},
  url = {https://CRAN.R-project.org/package=flextable},
}

@Manual{R-forcats,
  title = {forcats: Tools for Working with Categorical Variables (Factors)},
  author = {Hadley Wickham},
  year = {2021},
  note = {R package version 0.5.1},
  url = {https://CRAN.R-project.org/package=forcats},
}

@Manual{R-foreach,
  title = {foreach: Provides Foreach Looping Construct},
  author = {{Revolution Analytics} and Steve Weston}},
  year = {2020},
  note = {R package version 1.5.1},
  url = {https://github.com/RevolutionAnalytics/foreach},
}

@Manual{R-foreign,
  title = {foreign: Read Data Stored by Minitab, S, SAS, SPSS, Stata,
Systat, Weka, dBase, ...},
  author = {{R Core Team}},
  year = {2020},
  note = {R package version 0.8-81},
  url = {https://svn.r-project.org/R-packages/trunk/foreign/},
}

@Manual{R-formatR,
  title = {formatR: Format R Code Automatically},
  author = {Yihui Xie},
  year = {2021},
  note = {R package version 1.9},
  url = {https://github.com/yihui/formatR},
}

@Manual{R-Formula,
  title = {Formula: Extended Model Formulas},
  author = {Achim Zeileis and Yves Croissant},
  year = {2020},
  note = {R package version 1.2-4},
  url = {https://CRAN.R-project.org/package=Formula},
}

@Manual{R-fs,
  title = {fs: Cross-Platform File System Operations Based on libuv},
  author = {Jim Hester and Hadley Wickham},
  year = {2020},
  note = {R package version 1.5.0},
  url = {https://CRAN.R-project.org/package=fs},
}

@Manual{R-furrr,
  title = {furrr: Apply Mapping Functions in Parallel using Futures},
  author = {Davis Vaughan and Matt Dancho},
  year = {2021},
  note = {R package version 0.2.2},
  url = {https://github.com/DavisVaughan/furrr},
}

@Manual{R-future,
  title = {future: Unified Parallel and Distributed Processing in R for Everyone},
  author = {Henrik Bengtsson},
  year = {2020},
  note = {R package version 1.21.0},
  url = {https://github.com/HenrikBengtsson/future},
}

@Manual{R-ganttrify,
  title = {ganttrify: Create beautiful Gantt charts with ggplot2},
  author = {Giorgio {Comai (OBCT/CCI)}},
  year = {2021},
  note = {R package version 0.0.0.9004},
  url = {https://github.com/giocomai/ganttrify},
}

@Manual{R-gargle,
  title = {gargle: Utilities for Working with Google APIs},
  author = {Jennifer Bryan and Craig Citro and Hadley Wickham},
  year = {2021},
  note = {R package version 1.1.0},
  url = {https://CRAN.R-project.org/package=gargle},
}

@Manual{R-gdata,
  title = {gdata: Various R Programming Tools for Data Manipulation},
  author = {Gregory R. Warnes and Ben Bolker and Gregor Gorjanc and Gabor Grothendieck and Ales Korosec and Thomas Lumley and Don MacQueen and Arni Magnusson and Jim Rogers and others},
  year = {2017},
  note = {R package version 2.18.0},
  url = {https://CRAN.R-project.org/package=gdata},
}

@Manual{R-gdtools,
  title = {gdtools: Utilities for Graphical Rendering},
  author = {David Gohel and Hadley Wickham and Lionel Henry and Jeroen Ooms},
  year = {2021},
  note = {R package version 0.2.3},
  url = {https://CRAN.R-project.org/package=gdtools},
}

@Manual{R-generics,
  title = {generics: Common S3 Generics not Provided by Base R Methods Related to
Model Fitting},
  author = {Hadley Wickham and Max Kuhn and Davis Vaughan},
  year = {2020},
  note = {R package version 0.1.0},
  url = {https://CRAN.R-project.org/package=generics},
}

@Manual{R-geometry,
  title = {geometry: Mesh Generation and Surface Tessellation},
  author = {Kai Habel and Raoul Grasman and Robert B. Gramacy and Pavlo Mozharovskyi and David C. Sterratt},
  year = {2019},
  note = {R package version 0.4.5},
  url = {https://davidcsterratt.github.io/geometry},
}

@Manual{R-geomorph,
  title = {geomorph: Geometric Morphometric Analyses of 2D/3D Landmark Data},
  author = {Dean Adams and Michael Collyer and Antigoni Kaliontzopoulou},
  year = {2020},
  note = {R package version 3.3.1},
  url = {https://github.com/geomorphR/geomorph},
}

@Manual{R-geotech,
  title = {geotech: Geotechnical Engineering},
  author = {James Kaklamanos and Kyle Elmy},
  year = {2016},
  note = {R package version 1.0},
  url = {https://CRAN.R-project.org/package=geotech},
}

@Manual{R-gert,
  title = {gert: Simple Git Client for R},
  author = {Jeroen Ooms},
  year = {2021},
  note = {R package version 1.2.0},
  url = {https://CRAN.R-project.org/package=gert},
}

@Manual{R-GGally,
  title = {GGally: Extension to ggplot2},
  author = {Barret Schloerke and Di Cook and Joseph Larmarange and Francois Briatte and Moritz Marbach and Edwin Thoen and Amos Elberg and Jason Crowley},
  year = {2020},
  note = {R package version 2.0.0},
  url = {https://CRAN.R-project.org/package=GGally},
}

@Manual{R-ggalt,
  title = {ggalt: Extra Coordinate Systems, Geoms, Statistical Transformations,
Scales and Fonts for ggplot2},
  author = {Bob Rudis and Ben Bolker and Jan Schulz},
  year = {2017},
  note = {R package version 0.4.0},
  url = {https://github.com/hrbrmstr/ggalt},
}

@Manual{R-gganimate,
  title = {gganimate: A Grammar of Animated Graphics},
  author = {Thomas Lin Pedersen and David Robinson},
  year = {2020},
  note = {R package version 1.0.7},
  url = {https://CRAN.R-project.org/package=gganimate},
}

@Manual{R-ggdendro,
  title = {ggdendro: Create Dendrograms and Tree Diagrams Using ggplot2},
  author = {Andrie {de Vries} and Brian D. Ripley},
  year = {2020},
  note = {R package version 0.1.22},
  url = {https://github.com/andrie/ggdendro},
}

@Manual{R-ggforce,
  title = {ggforce: Accelerating ggplot2},
  author = {Thomas Lin Pedersen},
  year = {2021},
  note = {R package version 0.3.3},
  url = {https://CRAN.R-project.org/package=ggforce},
}

@Manual{R-ggformula,
  title = {ggformula: Formula Interface to the Grammar of Graphics},
  author = {Daniel Kaplan and Randall Pruim},
  year = {2021},
  note = {R package version 0.10.1},
  url = {https://github.com/ProjectMOSAIC/ggformula},
}

@Manual{R-ggloop,
  title = {ggloop: Create ggplot2 Plots in a Loop},
  author = {Luke Smith},
  year = {2016},
  note = {R package version 0.1.0},
  url = {https://github.com/seasmith/ggloop},
}

@Manual{R-ggplot2,
  title = {ggplot2: Create Elegant Data Visualisations Using the Grammar of Graphics},
  author = {Hadley Wickham and Winston Chang and Lionel Henry and Thomas Lin Pedersen and Kohske Takahashi and Claus Wilke and Kara Woo and Hiroaki Yutani and Dewey Dunnington},
  year = {2021},
  note = {https://ggplot2.tidyverse.org,
https://github.com/tidyverse/ggplot2},
}

@Manual{R-ggpubr,
  title = {ggpubr: ggplot2 Based Publication Ready Plots},
  author = {Alboukadel Kassambara},
  year = {2020},
  note = {R package version 0.4.0},
  url = {https://rpkgs.datanovia.com/ggpubr/},
}

@Manual{R-ggrepel,
  title = {ggrepel: Automatically Position Non-Overlapping Text Labels with
ggplot2},
  author = {Kamil Slowikowski},
  year = {2021},
  note = {R package version 0.9.1},
  url = {https://github.com/slowkow/ggrepel},
}

@Manual{R-ggridges,
  title = {ggridges: Ridgeline Plots in ggplot2},
  author = {Claus O. Wilke},
  year = {2021},
  note = {R package version 0.5.3},
  url = {https://wilkelab.org/ggridges/},
}

@Manual{R-ggsci,
  title = {ggsci: Scientific Journal and Sci-Fi Themed Color Palettes for
ggplot2},
  author = {Nan Xiao},
  year = {2018},
  note = {R package version 2.9},
  url = {https://CRAN.R-project.org/package=ggsci},
}

@Manual{R-ggsignif,
  title = {ggsignif: Significance Brackets for ggplot2},
  author = {Constantin Ahlmann-Eltze and Indrajeet Patil},
  year = {2021},
  note = {R package version 0.6.1},
  url = {https://CRAN.R-project.org/package=ggsignif},
}

@Manual{R-ggstance,
  title = {ggstance: Horizontal ggplot2 Components},
  author = {Lionel Henry and Hadley Wickham and Winston Chang},
  year = {2020},
  note = {R package version 0.3.5},
  url = {https://github.com/lionel-/ggstance},
}

@Manual{R-ggtext,
  title = {ggtext: Improved Text Rendering Support for ggplot2},
  author = {Claus O. Wilke},
  year = {2020},
  note = {R package version 0.1.1},
  url = {https://wilkelab.org/ggtext/},
}

@Manual{R-gh,
  title = {gh: GitHub 'API'},
  author = {Jennifer Bryan and Hadley Wickham},
  year = {2020},
  note = {R package version 1.2.0},
  url = {https://CRAN.R-project.org/package=gh},
}

@Manual{R-gifski,
  title = {gifski: Highest Quality GIF Encoder},
  author = {Jeroen Ooms},
  year = {2021},
  note = {R package version 0.8.7.1},
  url = {https://CRAN.R-project.org/package=gifski},
}

@Manual{R-git2r,
  title = {git2r: Provides Access to Git Repositories},
  author = {See AUTHORS file.},
  year = {2021},
  note = {R package version 0.28.0},
  url = {https://CRAN.R-project.org/package=git2r},
}

@Manual{R-gitcreds,
  title = {gitcreds: Query git Credentials from R},
  author = {Gábor Csárdi},
  year = {2021},
  note = {R package version 0.1.1.9000},
  url = {https://github.com/r-lib/gitcreds},
}

@Manual{R-gld,
  title = {gld: Estimation and Use of the Generalised (Tukey) Lambda
Distribution},
  author = {Robert King and Benjamin Dean and Sigbert Klinke and Paul {van Staden}},
  year = {2020},
  note = {R package version 2.6.2},
  url = {http://tolstoy.newcastle.edu.au/~rking/publ/rprogs/information.html},
}

@Manual{R-globals,
  title = {globals: Identify Global Objects in R Expressions},
  author = {Henrik Bengtsson},
  year = {2020},
  note = {R package version 0.14.0},
  url = {https://github.com/HenrikBengtsson/globals},
}

@Manual{R-glue,
  title = {glue: Interpreted String Literals},
  author = {Jim Hester},
  year = {2020},
  note = {R package version 1.4.2},
  url = {https://CRAN.R-project.org/package=glue},
}

@Manual{R-goftest,
  title = {goftest: Classical Goodness-of-Fit Tests for Univariate Distributions},
  author = {Julian Faraway and George Marsaglia and John Marsaglia and Adrian Baddeley},
  year = {2019},
  note = {R package version 1.2-2},
  url = {https://github.com/baddstats/goftest},
}

@Manual{R-googledrive,
  title = {googledrive: An Interface to Google Drive},
  author = {Lucy {D'Agostino McGowan} and Jennifer Bryan},
  year = {2020},
  note = {R package version 1.0.1},
  url = {https://CRAN.R-project.org/package=googledrive},
}

@Manual{R-googlesheets4,
  title = {googlesheets4: Access Google Sheets using the Sheets API V4},
  author = {Jennifer Bryan},
  year = {2021},
  note = {R package version 0.3.0},
  url = {https://github.com/tidyverse/googlesheets4},
}

@Manual{R-gplots,
  title = {gplots: Various R Programming Tools for Plotting Data},
  author = {Gregory R. Warnes and Ben Bolker and Lodewijk Bonebakker and Robert Gentleman and Wolfgang Huber and Andy Liaw and Thomas Lumley and Martin Maechler and Arni Magnusson and Steffen Moeller and Marc Schwartz and Bill Venables},
  year = {2020},
  note = {R package version 3.1.1},
  url = {https://github.com/talgalili/gplots},
}

@Manual{R-gridExtra,
  title = {gridExtra: Miscellaneous Functions for "Grid" Graphics},
  author = {Baptiste Auguie},
  year = {2017},
  note = {R package version 2.3},
  url = {https://CRAN.R-project.org/package=gridExtra},
}

@Manual{R-gridtext,
  title = {gridtext: Improved Text Rendering Support for Grid Graphics},
  author = {Claus O. Wilke},
  year = {2020},
  note = {R package version 0.1.1},
  url = {https://wilkelab.org/gridtext},
}

@Manual{R-grImport,
  title = {grImport: Importing Vector Graphics},
  author = {Paul Murrell and Richard Walton},
  year = {2019},
  note = {R package version 0.9-3},
  url = {https://CRAN.R-project.org/package=grImport},
}

@Manual{R-grImport2,
  title = {grImport2: Importing SVG Graphics},
  author = {Simon Potter and Paul Murrell},
  year = {2019},
  note = {R package version 0.2-0},
  url = {https://CRAN.R-project.org/package=grImport2},
}

@Manual{R-gtable,
  title = {gtable: Arrange Grobs in Tables},
  author = {Hadley Wickham and Thomas Lin Pedersen},
  year = {2019},
  note = {R package version 0.3.0},
  url = {https://github.com/r-lib/gtable},
}

@Manual{R-gtools,
  title = {gtools: Various R Programming Tools},
  author = {Gregory R. Warnes and Ben Bolker and Thomas Lumley},
  year = {2020},
  note = {R package version 3.8.2},
  url = {https://github.com/r-gregmisc/gtools},
}

@Manual{R-haven,
  title = {haven: Import and Export SPSS, Stata and SAS Files},
  author = {Hadley Wickham and Evan Miller},
  year = {2020},
  note = {R package version 2.3.1},
  url = {https://CRAN.R-project.org/package=haven},
}

@Manual{R-here,
  title = {here: A Simpler Way to Find Your Files},
  author = {Kirill Müller},
  year = {2020},
  note = {R package version 1.0.1},
  url = {https://CRAN.R-project.org/package=here},
}

@Manual{R-hexbin,
  title = {hexbin: Hexagonal Binning Routines},
  author = {Dan Carr and Nicholas Lewin-Koh and Martin Maechler},
  year = {2020},
  note = {R package version 1.28.1},
  url = {http://github.com/edzer/hexbin},
}

@Manual{R-highcharter,
  title = {highcharter: A Wrapper for the Highcharts Library},
  author = {Joshua Kunst},
  year = {2020},
  note = {R package version 0.8.2},
  url = {https://CRAN.R-project.org/package=highcharter},
}

@Manual{R-highr,
  title = {highr: Syntax Highlighting for R Source Code},
  author = {Yihui Xie and Yixuan Qiu},
  year = {2021},
  note = {R package version 0.9},
  url = {https://github.com/yihui/highr},
}

@Manual{R-Hmisc,
  title = {Hmisc: Harrell Miscellaneous},
  author = {Harrell, Jr., Frank E},
  year = {2020},
  note = {R package version 4.4-1},
  url = {https://CRAN.R-project.org/package=Hmisc},
}

@Manual{R-hms,
  title = {hms: Pretty Time of Day},
  author = {Kirill Müller},
  year = {2021},
  note = {R package version 1.0.0},
  url = {https://CRAN.R-project.org/package=hms},
}

@Manual{R-hrbrthemes,
  title = {hrbrthemes: Additional Themes, Theme Components and Utilities for ggplot2},
  author = {Bob Rudis},
  year = {2020},
  note = {R package version 0.8.0},
  url = {http://github.com/hrbrmstr/hrbrthemes},
}

@Manual{R-htmltab,
  title = {htmltab: Assemble Data Frames from HTML Tables},
  author = {Christian Rubba},
  year = {2020},
  note = {R package version 0.7.1.1},
  url = {https://github.com/crubba/htmltab},
}

@Manual{R-htmlTable,
  title = {htmlTable: Advanced Tables for Markdown/HTML},
  author = {Max Gordon and Stephen Gragg and Peter Konings},
  year = {2020},
  note = {R package version 2.1.0},
  url = {https://gforge.se/packages/},
}

@Manual{R-htmltools,
  title = {htmltools: Tools for HTML},
  author = {Joe Cheng and Carson Sievert and Winston Chang and Yihui Xie and Jeff Allen},
  year = {2021},
  note = {R package version 0.5.1.1},
  url = {https://github.com/rstudio/htmltools},
}

@Manual{R-htmlwidgets,
  title = {htmlwidgets: HTML Widgets for R},
  author = {Ramnath Vaidyanathan and Yihui Xie and JJ Allaire and Joe Cheng and Carson Sievert and Kenton Russell},
  year = {2020},
  note = {R package version 1.5.3},
  url = {https://github.com/ramnathv/htmlwidgets},
}

@Manual{R-httpuv,
  title = {httpuv: HTTP and WebSocket Server Library},
  author = {Joe Cheng and Winston Chang},
  year = {2021},
  note = {R package version 1.6.0},
  url = {https://github.com/rstudio/httpuv},
}

@Manual{R-httr,
  title = {httr: Tools for Working with URLs and HTTP},
  author = {Hadley Wickham},
  year = {2020},
  note = {R package version 1.4.2},
  url = {https://CRAN.R-project.org/package=httr},
}

@Manual{R-hunspell,
  title = {hunspell: High-Performance Stemmer, Tokenizer, and Spell Checker},
  author = {Jeroen Ooms},
  year = {2020},
  note = {R package version 3.0.1},
  url = {https://CRAN.R-project.org/package=hunspell},
}

@Manual{R-huxtable,
  title = {huxtable: Easily Create and Style Tables for LaTeX, HTML and Other Formats},
  author = {David Hugh-Jones},
  year = {2021},
  note = {R package version 5.3.0},
  url = {https://hughjonesd.github.io/huxtable/},
}

@Manual{R-ids,
  title = {ids: Generate Random Identifiers},
  author = {Rich FitzJohn},
  year = {2017},
  note = {R package version 1.0.1},
  url = {https://github.com/richfitz/ids},
}

@Manual{R-igraph,
  title = {igraph: Network Analysis and Visualization},
  author = {See AUTHORS file.},
  year = {2020},
  note = {R package version 1.2.6},
  url = {https://igraph.org},
}

@Manual{R-imager,
  title = {imager: Image Processing Library Based on CImg},
  author = {Simon Barthelme},
  year = {2020},
  note = {R package version 0.42.3},
  url = {https://CRAN.R-project.org/package=imager},
}

@Manual{R-ImaginR,
  title = {ImaginR: Delimit and Characterize Color Phenotype of the Pearl Oyster},
  author = {Pierre-Louis Stenger},
  year = {2017},
  note = {R package version 0.1.7},
  url = {https://CRAN.R-project.org/package=ImaginR},
}

@Manual{R-inflection,
  title = {inflection: Finds the Inflection Point of a Curve},
  author = {Demetris T. Christopoulos},
  year = {2019},
  note = {R package version 1.3.5},
  url = {https://CRAN.R-project.org/package=inflection},
}

@Manual{R-ini,
  title = {ini: Read and Write .ini Files},
  author = {David Valentim Dias},
  year = {2018},
  note = {R package version 0.3.1},
  url = {https://github.com/dvdscripter/ini},
}

@Manual{R-insight,
  title = {insight: Easy Access to Model Information for Various Model Objects},
  author = {Daniel Lüdecke and Dominique Makowski and Indrajeet Patil and Philip Waggoner and Mattan S. Ben-Shachar and Brenton M. Wiernik},
  year = {2021},
  note = {R package version 0.14.0},
  url = {https://easystats.github.io/insight/},
}

@Manual{R-installr,
  title = {installr: Using R to Install Stuff on Windows OS (Such As: R, Rtools,
RStudio, Git, and More!)},
  author = {Tal Galili},
  year = {2019},
  note = {R package version 0.22.0},
  url = {https://CRAN.R-project.org/package=installr},
}

@Manual{R-isoband,
  title = {isoband: Generate Isolines and Isobands from Regularly Spaced Elevation
Grids},
  author = {Claus O. Wilke and Thomas Lin Pedersen},
  year = {2021},
  note = {R package version 0.2.4},
  url = {https://github.com/wilkelab/isoband},
}

@Manual{R-iterators,
  title = {iterators: Provides Iterator Construct},
  author = {Revolution Analytics and Steve Weston},
  year = {2020},
  note = {R package version 1.0.13},
  url = {https://github.com/RevolutionAnalytics/iterators},
}

@Manual{R-janeaustenr,
  title = {janeaustenr: Jane Austen's Complete Novels},
  author = {Julia Silge},
  year = {2017},
  note = {R package version 0.1.5},
  url = {https://github.com/juliasilge/janeaustenr},
}

@Manual{R-janitor,
  title = {janitor: Simple Tools for Examining and Cleaning Dirty Data},
  author = {Sam Firke},
  year = {2021},
  note = {R package version 2.1.0},
  url = {https://github.com/sfirke/janitor},
}

@Manual{R-jpeg,
  title = {jpeg: Read and write JPEG images},
  author = {Simon Urbanek},
  year = {2019},
  note = {R package version 0.1-8.1},
  url = {http://www.rforge.net/jpeg/},
}

@Manual{R-jquerylib,
  title = {jquerylib: Obtain jQuery as an HTML Dependency Object},
  author = {Carson Sievert and Joe Cheng},
  year = {2021},
  note = {R package version 0.1.4},
  url = {https://CRAN.R-project.org/package=jquerylib},
}

@Manual{R-jsonlite,
  title = {jsonlite: A Simple and Robust JSON Parser and Generator for R},
  author = {Jeroen Ooms},
  year = {2020},
  note = {R package version 1.7.2},
  url = {https://CRAN.R-project.org/package=jsonlite},
}

@Manual{R-kableExtra,
  title = {kableExtra: Construct Complex Table with kable and Pipe Syntax},
  author = {Hao Zhu},
  year = {2021},
  note = {R package version 1.3.4},
  url = {https://CRAN.R-project.org/package=kableExtra},
}

@Manual{R-KernSmooth,
  title = {KernSmooth: Functions for Kernel Smoothing Supporting Wand \& Jones (1995)},
  author = {Matt Wand},
  year = {2020},
  note = {R package version 2.23-18},
  url = {https://CRAN.R-project.org/package=KernSmooth},
}

@Manual{R-klaR,
  title = {klaR: Classification and Visualization},
  author = {Christian Roever and Nils Raabe and Karsten Luebke and Uwe Ligges and Gero Szepannek and Marc Zentgraf and David Meyer},
  year = {2020},
  note = {R package version 0.6-15},
  url = {http://www.statistik.tu-dortmund.de},
}

@Manual{R-knitr,
  title = {knitr: A General-Purpose Package for Dynamic Report Generation in R},
  author = {Yihui Xie},
  year = {2021},
  note = {R package version 1.33},
  url = {https://yihui.org/knitr/},
}

@Manual{R-labeling,
  title = {labeling: Axis Labeling},
  author = {Justin Talbot,},
  year = {2020},
  note = {R package version 0.4.2},
  url = {https://CRAN.R-project.org/package=labeling},
}

@Manual{R-labelled,
  title = {labelled: Manipulating Labelled Data},
  author = {Joseph Larmarange},
  year = {2021},
  note = {R package version 2.8.0},
  url = {http://larmarange.github.io/labelled/},
}

@Manual{R-labelVector,
  title = {labelVector: Label Attributes for Atomic Vectors},
  author = {Benjamin Nutter},
  year = {2020},
  note = {R package version 0.1.1},
  url = {https://CRAN.R-project.org/package=labelVector},
}

@Manual{R-later,
  title = {later: Utilities for Scheduling Functions to Execute Later with Event
Loops},
  author = {Winston Chang and Joe Cheng},
  year = {2021},
  note = {R package version 1.2.0},
  url = {https://github.com/r-lib/later},
}

@Manual{R-latex2exp,
  title = {latex2exp: Use LaTeX Expressions in Plots},
  author = {Stefano Meschiari},
  year = {2021},
  note = {R package version 0.5.0},
  url = {https://github.com/stefano-meschiari/latex2exp},
}

@Manual{R-lattice,
  title = {lattice: Trellis Graphics for R},
  author = {Deepayan Sarkar},
  year = {2020},
  note = {R package version 0.20-41},
  url = {http://lattice.r-forge.r-project.org/},
}

@Manual{R-latticeExtra,
  title = {latticeExtra: Extra Graphical Utilities Based on Lattice},
  author = {Deepayan Sarkar and Felix Andrews},
  year = {2019},
  note = {R package version 0.6-29},
  url = {http://latticeextra.r-forge.r-project.org/},
}

@Manual{R-lazyeval,
  title = {lazyeval: Lazy (Non-Standard) Evaluation},
  author = {Hadley Wickham},
  year = {2019},
  note = {R package version 0.2.2},
  url = {https://CRAN.R-project.org/package=lazyeval},
}

@Manual{R-lbfgs,
  title = {lbfgs: Limited-memory BFGS Optimization},
  author = {Antonio Coppola and Brandon Stewart and Naoaki Okazaki},
  year = {2014},
  note = {R package version 1.2.1},
  url = {https://CRAN.R-project.org/package=lbfgs},
}

@Manual{R-leaflet,
  title = {leaflet: Create Interactive Web Maps with the JavaScript Leaflet
Library},
  author = {Joe Cheng and Bhaskar Karambelkar and Yihui Xie},
  year = {2021},
  note = {R package version 2.0.4.1},
  url = {https://rstudio.github.io/leaflet/},
}

@Manual{R-leaflet.providers,
  title = {leaflet.providers: Leaflet Providers},
  author = {Leslie Huang},
  year = {2019},
  note = {R package version 1.9.0},
  url = {https://github.com/rstudio/leaflet.providers},
}

@Manual{R-learnr,
  title = {learnr: Interactive Tutorials for R},
  author = {Barret Schloerke and JJ Allaire and Barbara Borges},
  year = {2020},
  note = {R package version 0.10.1},
  url = {https://CRAN.R-project.org/package=learnr},
}

@Manual{R-lemon,
  title = {lemon: Freshing Up your ggplot2 Plots},
  author = {Stefan McKinnon Edwards},
  year = {2020},
  note = {R package version 0.4.5},
  url = {https://github.com/stefanedwards/lemon},
}

@Manual{R-lidR,
  title = {lidR: Airborne LiDAR Data Manipulation and Visualization for Forestry
Applications},
  author = {Jean-Romain Roussel and David Auty},
  year = {2021},
  note = {R package version 3.1.3},
  url = {https://github.com/Jean-Romain/lidR},
}

@Manual{R-lifecycle,
  title = {lifecycle: Manage the Life Cycle of your Package Functions},
  author = {Lionel Henry and Hadley Wickham},
  year = {2021},
  note = {R package version 1.0.0},
  url = {https://CRAN.R-project.org/package=lifecycle},
}

@Manual{R-limSolve,
  title = {limSolve: Solving Linear Inverse Models},
  author = {Karline Soetaert and Karel {Van den Meersche} and Dick {van Oevelen}},
  year = {2019},
  note = {R package version 1.5.6},
  url = {https://CRAN.R-project.org/package=limSolve},
}

@Manual{R-linprog,
  title = {linprog: Linear Programming / Optimization},
  author = {Arne Henningsen},
  year = {2012},
  note = {R package version 0.9-2},
  url = {http://linprog.r-forge.r-project.org/},
}

@Manual{R-listenv,
  title = {listenv: Environments Behaving (Almost) as Lists},
  author = {Henrik Bengtsson},
  year = {2019},
  note = {R package version 0.8.0},
  url = {https://github.com/HenrikBengtsson/listenv},
}

@Manual{R-listviewer,
  title = {listviewer: htmlwidget for Interactive Views of R Lists},
  author = {Jos {de Jong} and Mac { Gainer} and Kent Russell},
  year = {2019},
  note = {R package version 3.0.0},
  url = {https://github.com/timelyportfolio/listviewer},
}

@Manual{R-lme4,
  title = {lme4: Linear Mixed-Effects Models using Eigen and S4},
  author = {Douglas Bates and Martin Maechler and Ben Bolker and Steven Walker},
  year = {2020},
  note = {R package version 1.1-25},
  url = {https://github.com/lme4/lme4/},
}

@Manual{R-lmom,
  title = {lmom: L-Moments},
  author = {J. R. M. Hosking},
  year = {2019},
  note = {R package version 2.8},
  url = {https://CRAN.R-project.org/package=lmom},
}

@Manual{R-lobstr,
  title = {lobstr: Visualize R Data Structures with Trees},
  author = {Hadley Wickham},
  year = {2019},
  note = {R package version 1.1.1},
  url = {https://github.com/r-lib/lobstr},
}

@Manual{R-lokern,
  title = {lokern: Kernel Regression Smoothing with Local or Global Plug-in
Bandwidth},
  author = {Eva Herrmann; Packaged for R and enhanced by Martin Maechler},
  year = {2020},
  note = {R package version 1.1-8.1},
  url = {https://CRAN.R-project.org/package=lokern},
}

@Manual{R-lpSolve,
  title = {lpSolve: Interface to Lp_solve v. 5.5 to Solve Linear/Integer Programs},
  author = {Michel Berkelaar and others},
  year = {2020},
  note = {R package version 5.6.15},
  url = {https://github.com/gaborcsardi/lpSolve},
}

@Manual{R-lubridate,
  title = {lubridate: Make Dealing with Dates a Little Easier},
  author = {Vitalie Spinu and Garrett Grolemund and Hadley Wickham},
  year = {2021},
  note = {R package version 1.7.10},
  url = {https://CRAN.R-project.org/package=lubridate},
}

@Manual{R-magic,
  title = {magic: Create and Investigate Magic Squares},
  author = {Robin K. S. Hankin},
  year = {2018},
  note = {R package version 1.5-9},
  url = {https://github.com/RobinHankin/magic.git},
}

@Manual{R-magick,
  title = {magick: Advanced Graphics and Image-Processing in R},
  author = {Jeroen Ooms},
  year = {2021},
  note = {R package version 2.7.1},
  url = {https://CRAN.R-project.org/package=magick},
}

@Manual{R-magrittr,
  title = {magrittr: A Forward-Pipe Operator for R},
  author = {Stefan Milton Bache and Hadley Wickham},
  year = {2020},
  note = {R package version 2.0.1},
  url = {https://CRAN.R-project.org/package=magrittr},
}

@Manual{R-manipulateWidget,
  title = {manipulateWidget: Add Even More Interactivity to Interactive Charts},
  author = {Veronique Bachelier and Jalal-Edine ZAWAM and Francois Guillem},
  year = {2020},
  note = {R package version 0.10.1},
  url = {https://github.com/rte-antares-rpackage/manipulateWidget},
}

@Manual{R-maps,
  title = {maps: Draw Geographical Maps},
  author = {Ray Brownrigg},
  year = {2018},
  note = {R package version 3.3.0},
  url = {https://CRAN.R-project.org/package=maps},
}

@Manual{R-maptools,
  title = {maptools: Tools for Handling Spatial Objects},
  author = {Roger Bivand and Nicholas Lewin-Koh},
  year = {2020},
  note = {R package version 1.0-2},
  url = {https://CRAN.R-project.org/package=maptools},
}

@Manual{R-markdown,
  title = {markdown: Render Markdown with the C Library Sundown},
  author = {JJ Allaire and Jeffrey Horner and Yihui Xie and Vicent Marti and Natacha Porte},
  year = {2019},
  note = {R package version 1.1},
  url = {https://github.com/rstudio/markdown},
}

@Manual{R-MASS,
  title = {MASS: Support Functions and Datasets for Venables and Ripley's MASS},
  author = {Brian Ripley},
  year = {2021},
  note = {R package version 7.3-53.1},
  url = {http://www.stats.ox.ac.uk/pub/MASS4/},
}

@Manual{R-mathjaxr,
  title = {mathjaxr: Using Mathjax in Rd Files},
  author = {Wolfgang Viechtbauer},
  year = {2021},
  note = {R package version 1.4-0},
  url = {https://github.com/wviechtb/mathjaxr},
}

@Manual{R-Matrix,
  title = {Matrix: Sparse and Dense Matrix Classes and Methods},
  author = {Douglas Bates and Martin Maechler},
  year = {2021},
  note = {R package version 1.3-2},
  url = {http://Matrix.R-forge.R-project.org/},
}

@Manual{R-MatrixModels,
  title = {MatrixModels: Modelling with Sparse And Dense Matrices},
  author = {Douglas Bates and Martin Maechler},
  year = {2015},
  note = {R package version 0.4-1},
  url = {http://Matrix.R-forge.R-project.org/},
}

@Manual{R-matrixStats,
  title = {matrixStats: Functions that Apply to Rows and Columns of Matrices (and to
Vectors)},
  author = {Henrik Bengtsson},
  year = {2020},
  note = {R package version 0.57.0},
  url = {https://github.com/HenrikBengtsson/matrixStats},
}

@Manual{R-mealplanR,
  title = {mealplanR: What the Package Does (One Line, Title Case)},
  author = {First Last},
  note = {R package version 0.0.0.9000},
  url = {https://github.com/evanmascitti/mealplanR},
  year = {2021},
}

@Manual{R-measurements,
  title = {measurements: Tools for Units of Measurement},
  author = {Matthew A. Birk},
  year = {2019},
  note = {R package version 1.4.0},
  url = {https://CRAN.R-project.org/package=measurements},
}

@Manual{R-memoise,
  title = {memoise: Memoisation of Functions},
  author = {Hadley Wickham and Jim Hester and Winston Chang and Kirill Müller and Daniel Cook},
  year = {2021},
  note = {R package version 2.0.0},
  url = {https://github.com/r-lib/memoise},
}

@Manual{R-mesheR,
  title = {mesheR: Meshing Operations on Triangular Meshes},
  author = {Stefan Schlager},
  year = {2020},
  note = {R package version 0.4.200213},
}

@Manual{R-mgcv,
  title = {mgcv: Mixed GAM Computation Vehicle with Automatic Smoothness
Estimation},
  author = {Simon Wood},
  year = {2021},
  note = {R package version 1.8-34},
  url = {https://CRAN.R-project.org/package=mgcv},
}

@Manual{R-mime,
  title = {mime: Map Filenames to MIME Types},
  author = {Yihui Xie},
  year = {2021},
  note = {R package version 0.10},
  url = {https://github.com/yihui/mime},
}

@Manual{R-miniUI,
  title = {miniUI: Shiny UI Widgets for Small Screens},
  author = {Joe Cheng},
  year = {2018},
  note = {R package version 0.1.1.1},
  url = {https://CRAN.R-project.org/package=miniUI},
}

@Manual{R-minqa,
  title = {minqa: Derivative-free optimization algorithms by quadratic
approximation},
  author = {Douglas Bates and Katharine M. Mullen and John C. Nash and Ravi Varadhan},
  year = {2014},
  note = {R package version 1.2.4},
  url = {http://optimizer.r-forge.r-project.org},
}

@Manual{R-misc3d,
  title = {misc3d: Miscellaneous 3D Plots},
  author = {Dai Feng and Luke Tierney},
  year = {2020},
  note = {R package version 0.9-0},
  url = {https://CRAN.R-project.org/package=misc3d},
}

@Manual{R-miscHelpers,
  title = {miscHelpers: Miscellaneous helper functions},
  author = {Matthew Dufort},
  year = {2020},
  note = {R package version 0.0.0.9008},
}

@Manual{R-mitools,
  title = {mitools: Tools for Multiple Imputation of Missing Data},
  author = {Thomas Lumley},
  year = {2019},
  note = {R package version 2.4},
  url = {https://CRAN.R-project.org/package=mitools},
}

@Manual{R-modelr,
  title = {modelr: Modelling Functions that Work with the Pipe},
  author = {Hadley Wickham},
  year = {2020},
  note = {R package version 0.1.8},
  url = {https://CRAN.R-project.org/package=modelr},
}

@Manual{R-molaR,
  title = {molaR: Dental Surface Complexity Measurement Tools},
  author = {James D. Pampush and Julia M. Winchester and Paul E. Morse and Alexander Q. Vining and Edward Fuselier},
  year = {2020},
  note = {R package version 4.5},
  url = {https://CRAN.R-project.org/package=molaR},
}

@Manual{R-Morpho,
  title = {Morpho: Calculations and Visualisations Related to Geometric
Morphometrics},
  author = {Stefan Schlager},
  year = {2020},
  note = {R package version 2.8},
  url = {https://github.com/zarquon42b/Morpho},
}

@Manual{R-mosaic,
  title = {mosaic: Project MOSAIC Statistics and Mathematics Teaching Utilities},
  author = {Randall Pruim and Daniel T. Kaplan and Nicholas J. Horton},
  year = {2021},
  note = {R package version 1.8.3},
  url = {https://CRAN.R-project.org/package=mosaic},
}

@Manual{R-mosaicCore,
  title = {mosaicCore: Common Utilities for Other MOSAIC-Family Packages},
  author = {Randall Pruim and Daniel T. Kaplan and Nicholas J. Horton},
  year = {2021},
  note = {R package version 0.9.0},
  url = {https://github.com/ProjectMOSAIC/mosaicCore},
}

@Manual{R-mosaicData,
  title = {mosaicData: Project MOSAIC Data Sets},
  author = {Randall Pruim and Daniel Kaplan and Nicholas Horton},
  year = {2021},
  note = {R package version 0.20.2},
  url = {https://github.com/ProjectMOSAIC/mosaicData},
}

@Manual{R-munsell,
  title = {munsell: Utilities for Using Munsell Colours},
  author = {Charlotte Wickham},
  year = {2018},
  note = {R package version 0.5.0},
  url = {https://CRAN.R-project.org/package=munsell},
}

@Manual{R-mvtnorm,
  title = {mvtnorm: Multivariate Normal and t Distributions},
  author = {Alan Genz and Frank Bretz and Tetsuhisa Miwa and Xuefei Mi and Torsten Hothorn},
  year = {2020},
  note = {R package version 1.1-1},
  url = {http://mvtnorm.R-forge.R-project.org},
}

@Manual{R-MyTemplates,
  title = {MyTemplates: What the Package Does (Title Case)},
  author = {Who wrote it},
  year = {2021},
  note = {R package version 0.1.0},
}

@Manual{R-nlme,
  title = {nlme: Linear and Nonlinear Mixed Effects Models},
  author = {José Pinheiro and Douglas Bates and {R-core}},
  year = {2021},
  note = {R package version 3.1-152},
  url = {https://svn.r-project.org/R-packages/trunk/nlme/},
}

@Manual{R-nloptr,
  title = {nloptr: R Interface to NLopt},
  author = {Jelmer Ypma and Steven G. Johnson},
  year = {2020},
  note = {R package version 1.2.2.2},
  url = {https://CRAN.R-project.org/package=nloptr},
}

@Manual{R-nnet,
  title = {nnet: Feed-Forward Neural Networks and Multinomial Log-Linear Models},
  author = {Brian Ripley},
  year = {2021},
  note = {R package version 7.3-15},
  url = {http://www.stats.ox.ac.uk/pub/MASS4/},
}

@Manual{R-nnls,
  title = {nnls: The Lawson-Hanson algorithm for non-negative least squares
(NNLS)},
  author = {Katharine M. Mullen and Ivo H. M. {van Stokkum}},
  year = {2012},
  note = {R package version 1.4},
  url = {https://CRAN.R-project.org/package=nnls},
}

@Manual{R-nortest,
  title = {nortest: Tests for Normality},
  author = {Juergen Gross and Uwe Ligges},
  year = {2015},
  note = {R package version 1.0-4},
  url = {https://CRAN.R-project.org/package=nortest},
}

@Manual{R-numDeriv,
  title = {numDeriv: Accurate Numerical Derivatives},
  author = {Paul Gilbert and Ravi Varadhan},
  year = {2019},
  note = {R package version 2016.8-1.1},
  url = {http://optimizer.r-forge.r-project.org/},
}

@Manual{R-nycflights13,
  title = {nycflights13: Flights that Departed NYC in 2013},
  author = {Hadley Wickham},
  year = {2019},
  note = {R package version 1.0.1},
  url = {http://github.com/hadley/nycflights13},
}

@Manual{R-officer,
  title = {officer: Manipulation of Microsoft Word and PowerPoint Documents},
  author = {David Gohel},
  year = {2021},
  note = {R package version 0.3.17},
  url = {https://CRAN.R-project.org/package=officer},
}

@Manual{R-openssl,
  title = {openssl: Toolkit for Encryption, Signatures and Certificates Based on
OpenSSL},
  author = {Jeroen Ooms},
  year = {2020},
  note = {R package version 1.4.3},
  url = {https://github.com/jeroen/openssl#readme},
}

@Manual{R-openxlsx,
  title = {openxlsx: Read, Write and Edit xlsx Files},
  author = {Philipp Schauberger and Alexander Walker},
  year = {2020},
  note = {R package version 4.2.3},
  url = {https://CRAN.R-project.org/package=openxlsx},
}

@Manual{R-ordinal,
  title = {ordinal: Regression Models for Ordinal Data},
  author = {Rune Haubo Bojesen Christensen},
  year = {2019},
  note = {R package version 2019.12-10},
  url = {https://github.com/runehaubo/ordinal},
}

@Manual{R-pagedown,
  title = {pagedown: Paginate the HTML Output of R Markdown with CSS for Print},
  author = {Yihui Xie and Romain Lesur and Brent Thorne and Xianying Tan},
  year = {2021},
  note = {R package version 0.13.12},
  url = {https://github.com/rstudio/pagedown},
}

@Manual{R-pander,
  title = {pander: An R Pandoc Writer},
  author = {Gergely Daróczi and Roman Tsegelskyi},
  year = {2018},
  note = {R package version 0.6.3},
  url = {http://rapporter.github.io/pander},
}

@Manual{R-parallelly,
  title = {parallelly: Enhancing the parallel Package},
  author = {Henrik Bengtsson},
  year = {2021},
  note = {R package version 1.25.0},
  url = {https://CRAN.R-project.org/package=parallelly},
}

@Manual{R-parameters,
  title = {parameters: Processing of Model Parameters},
  author = {Daniel Lüdecke and Dominique Makowski and Mattan S. Ben-Shachar and Indrajeet Patil and Søren Højsgaard},
  year = {2021},
  note = {R package version 0.13.0},
  url = {https://easystats.github.io/parameters/},
}

@Manual{R-patchwork,
  title = {patchwork: The Composer of Plots},
  author = {Thomas Lin Pedersen},
  year = {2020},
  note = {R package version 1.1.1},
  url = {https://CRAN.R-project.org/package=patchwork},
}

@Manual{R-pbapply,
  title = {pbapply: Adding Progress Bar to *apply Functions},
  author = {Peter Solymos and Zygmunt Zawadzki},
  year = {2020},
  note = {R package version 1.4-3},
  url = {https://github.com/psolymos/pbapply},
}

@Manual{R-pbkrtest,
  title = {pbkrtest: Parametric Bootstrap and Kenward Roger Based Methods for Mixed
Model Comparison},
  author = {Ulrich Halekoh Søren Højsgaard <sorenh@math.aau.dk>},
  year = {2020},
  note = {R package version 0.4-8.6},
  url = {http://people.math.aau.dk/~sorenh/software/pbkrtest/},
}

@Manual{R-pdftools,
  title = {pdftools: Text Extraction, Rendering and Converting of PDF Documents},
  author = {Jeroen Ooms},
  year = {2020},
  note = {R package version 2.3.1},
  url = {https://CRAN.R-project.org/package=pdftools},
}

@Manual{R-pillar,
  title = {pillar: Coloured Formatting for Columns},
  author = {Kirill Müller and Hadley Wickham},
  year = {2021},
  note = {R package version 1.6.0},
  url = {https://CRAN.R-project.org/package=pillar},
}

@Manual{R-pitchRx,
  title = {pitchRx: Tools for Harnessing MLBAM 'Gameday' Data and Visualizing
pitchfx},
  author = {Carson Sievert},
  year = {2015},
  note = {R package version 1.8.2},
  url = {http://cpsievert.github.com/pitchRx},
}

@Manual{R-pixiedust,
  title = {pixiedust: Tables so Beautifully Fine-Tuned You Will Believe It's Magic},
  author = {Benjamin Nutter},
  year = {2020},
  note = {R package version 0.9.0},
  url = {https://github.com/nutterb/pixiedust},
}

@Manual{R-pkgbuild,
  title = {pkgbuild: Find Tools Needed to Build R Packages},
  author = {Hadley Wickham and Jim Hester},
  year = {2020},
  note = {R package version 1.2.0},
  url = {https://github.com/r-lib/pkgbuild},
}

@Manual{R-pkgconfig,
  title = {pkgconfig: Private Configuration for R Packages},
  author = {Gábor Csárdi},
  year = {2019},
  note = {R package version 2.0.3},
  url = {https://github.com/r-lib/pkgconfig#readme},
}

@Manual{R-pkgload,
  title = {pkgload: Simulate Package Installation and Attach},
  author = {Hadley Wickham and Jim Hester and Winston Chang},
  year = {2021},
  note = {R package version 1.2.0},
  url = {https://github.com/r-lib/pkgload},
}

@Manual{R-plogr,
  title = {plogr: The plog C++ Logging Library},
  author = {Kirill Müller},
  year = {2018},
  note = {R package version 0.2.0},
  url = {https://github.com/krlmlr/plogr#readme},
}

@Manual{R-plot3D,
  title = {plot3D: Plotting Multi-Dimensional Data},
  author = {Karline Soetaert},
  year = {2019},
  note = {R package version 1.3},
  url = {https://CRAN.R-project.org/package=plot3D},
}

@Manual{R-plotly,
  title = {plotly: Create Interactive Web Graphics via plotly.js},
  author = {Carson Sievert and Chris Parmer and Toby Hocking and Scott Chamberlain and Karthik Ram and Marianne Corvellec and Pedro Despouy},
  year = {2020},
  note = {R package version 4.9.2.1},
  url = {https://CRAN.R-project.org/package=plotly},
}

@Manual{R-plotrix,
  title = {plotrix: Various Plotting Functions},
  author = {Jim Lemon and Ben Bolker and Sander Oom and Eduardo Klein and Barry Rowlingson and Hadley Wickham and Anupam Tyagi and Olivier Eterradossi and Gabor Grothendieck and Michael Toews and John Kane and Rolf Turner and Carl Witthoft and Julian Stander and Thomas Petzoldt and Remko Duursma and Elisa Biancotto and Ofir Levy and Christophe Dutang and Peter Solymos and Robby Engelmann and Michael Hecker and Felix Steinbeck and Hans Borchers and Henrik Singmann and Ted Toal and Derek Ogle and Darshan Baral and Ulrike Groemping and Bill Venables},
  year = {2020},
  note = {R package version 3.7-8},
  url = {https://CRAN.R-project.org/package=plotrix},
}

@Manual{R-plyr,
  title = {plyr: Tools for Splitting, Applying and Combining Data},
  author = {Hadley Wickham},
  year = {2020},
  note = {R package version 1.8.6},
  url = {https://CRAN.R-project.org/package=plyr},
}

@Manual{R-png,
  title = {png: Read and write PNG images},
  author = {Simon Urbanek},
  year = {2013},
  note = {R package version 0.1-7},
  url = {http://www.rforge.net/png/},
}

@Manual{R-polyclip,
  title = {polyclip: Polygon Clipping},
  author = {Angus Johnson and Adrian Baddeley},
  year = {2019},
  note = {R package version 1.10-0},
  url = {https://CRAN.R-project.org/package=polyclip},
}

@Manual{R-polynom,
  title = {polynom: A Collection of Functions to Implement a Class for Univariate
Polynomial Manipulations},
  author = {Bill Venables and Kurt Hornik and Martin Maechler},
  year = {2019},
  note = {R package version 1.4-0},
  url = {https://CRAN.R-project.org/package=polynom},
}

@Manual{R-powdR,
  title = {powdR: Full Pattern Summation of X-Ray Powder Diffraction Data},
  author = {Benjamin Butler and Stephen Hillier},
  year = {2021},
  note = {R package version 1.2.5},
  url = {https://github.com/benmbutler/powdR},
}

@Manual{R-pracma,
  title = {pracma: Practical Numerical Math Functions},
  author = {Hans W. Borchers},
  year = {2019},
  note = {R package version 2.2.9},
  url = {https://CRAN.R-project.org/package=pracma},
}

@Manual{R-praise,
  title = {praise: Praise Users},
  author = {Gabor Csardi and Sindre Sorhus},
  year = {2015},
  note = {R package version 1.0.0},
  url = {https://github.com/gaborcsardi/praise},
}

@Manual{R-prettyunits,
  title = {prettyunits: Pretty, Human Readable Formatting of Quantities},
  author = {Gabor Csardi},
  year = {2020},
  note = {R package version 1.1.1},
  url = {https://github.com/gaborcsardi/prettyunits},
}

@Manual{R-processx,
  title = {processx: Execute and Control System Processes},
  author = {Gábor Csárdi and Winston Chang},
  year = {2021},
  note = {R package version 3.5.2},
  url = {https://CRAN.R-project.org/package=processx},
}

@Manual{R-profvis,
  title = {profvis: Interactive Visualizations for Profiling R Code},
  author = {Winston Chang and Javier Luraschi and Timothy Mastny},
  year = {2020},
  note = {R package version 0.3.7},
  url = {https://rstudio.github.io/profvis/},
}

@Manual{R-progress,
  title = {progress: Terminal Progress Bars},
  author = {Gábor Csárdi and Rich FitzJohn},
  year = {2019},
  note = {R package version 1.2.2},
  url = {https://github.com/r-lib/progress#readme},
}

@Manual{R-proj4,
  title = {proj4: A simple interface to the PROJ.4 cartographic projections
library},
  author = {Simon Urbanek},
  year = {2020},
  note = {R package version 1.0-10},
  url = {http://www.rforge.net/proj4/},
}

@Manual{R-promises,
  title = {promises: Abstractions for Promise-Based Asynchronous Programming},
  author = {Joe Cheng},
  year = {2021},
  note = {R package version 1.2.0.1},
  url = {https://CRAN.R-project.org/package=promises},
}

@Manual{R-proxy,
  title = {proxy: Distance and Similarity Measures},
  author = {David Meyer and Christian Buchta},
  year = {2021},
  note = {R package version 0.4-25},
  url = {https://CRAN.R-project.org/package=proxy},
}

@Manual{R-ps,
  title = {ps: List, Query, Manipulate System Processes},
  author = {Jay Loden and Dave Daeschler and Giampaolo Rodola' and Gábor Csárdi},
  year = {2021},
  note = {R package version 1.6.0},
  url = {https://github.com/r-lib/ps#readme},
}

@Manual{R-purrr,
  title = {purrr: Functional Programming Tools},
  author = {Lionel Henry and Hadley Wickham},
  year = {2020},
  note = {R package version 0.3.4},
  url = {https://CRAN.R-project.org/package=purrr},
}

@Manual{R-qpdf,
  title = {qpdf: Split, Combine and Compress PDF Files},
  author = {Jeroen Ooms},
  year = {2019},
  note = {R package version 1.1},
  url = {https://CRAN.R-project.org/package=qpdf},
}

@Manual{R-quadprog,
  title = {quadprog: Functions to Solve Quadratic Programming Problems},
  author = {Berwin A. Turlach and Andreas Weingessel},
  year = {2019},
  note = {R package version 1.5-8},
  url = {https://CRAN.R-project.org/package=quadprog},
}

@Manual{R-quantmod,
  title = {quantmod: Quantitative Financial Modelling Framework},
  author = {Jeffrey A. Ryan and Joshua M. Ulrich},
  year = {2020},
  note = {R package version 0.4.17},
  url = {https://CRAN.R-project.org/package=quantmod},
}

@Manual{R-quantreg,
  title = {quantreg: Quantile Regression},
  author = {Roger Koenker},
  year = {2020},
  note = {R package version 5.75},
  url = {https://www.r-project.org},
}

@Manual{R-questionr,
  title = {questionr: Functions to Make Surveys Processing Easier},
  author = {Julien Barnier and François Briatte and Joseph Larmarange},
  year = {2020},
  note = {R package version 0.7.3},
  url = {https://juba.github.io/questionr/},
}

@Manual{R-R.cache,
  title = {R.cache: Fast and Light-Weight Caching (Memoization) of Objects and
Results to Speed Up Computations},
  author = {Henrik Bengtsson},
  year = {2019},
  note = {R package version 0.14.0},
  url = {https://github.com/HenrikBengtsson/R.cache},
}

@Manual{R-R.methodsS3,
  title = {R.methodsS3: S3 Methods Simplified},
  author = {Henrik Bengtsson},
  year = {2020},
  note = {R package version 1.8.1},
  url = {https://github.com/HenrikBengtsson/R.methodsS3},
}

@Manual{R-R.oo,
  title = {R.oo: R Object-Oriented Programming with or without References},
  author = {Henrik Bengtsson},
  year = {2020},
  note = {R package version 1.24.0},
  url = {https://github.com/HenrikBengtsson/R.oo},
}

@Manual{R-R.utils,
  title = {R.utils: Various Programming Utilities},
  author = {Henrik Bengtsson},
  year = {2020},
  note = {R package version 2.10.1},
  url = {https://github.com/HenrikBengtsson/R.utils},
}

@Manual{R-R6,
  title = {R6: Encapsulated Classes with Reference Semantics},
  author = {Winston Chang},
  year = {2020},
  note = {R package version 2.5.0},
  url = {https://CRAN.R-project.org/package=R6},
}

@Manual{R-ragg,
  title = {ragg: Graphic Devices Based on AGG},
  author = {Thomas Lin Pedersen and Maxim Shemanarev},
  year = {2021},
  note = {R package version 1.1.2},
  url = {https://CRAN.R-project.org/package=ragg},
}

@Manual{R-rappdirs,
  title = {rappdirs: Application Directories: Determine Where to Save Data, Caches,
and Logs},
  author = {Sridhar Ratnakumar and Trent Mick and Trevor Davis},
  year = {2021},
  note = {R package version 0.3.3},
  url = {https://CRAN.R-project.org/package=rappdirs},
}

@Manual{R-raster,
  title = {raster: Geographic Data Analysis and Modeling},
  author = {Robert J. Hijmans},
  year = {2021},
  note = {R package version 3.4-10},
  url = {https://rspatial.org/raster},
}

@Manual{R-rcmdcheck,
  title = {rcmdcheck: Run R CMD check from R and Capture Results},
  author = {Gábor Csárdi},
  year = {2019},
  note = {R package version 1.3.3},
  url = {https://github.com/r-Lib/rcmdcheck#readme},
}

@Manual{R-Rcmdr,
  title = {Rcmdr: R Commander},
  author = {John Fox and Milan Bouchet-Valat},
  year = {2020},
  note = {R package version 2.7-1},
  url = {https://CRAN.R-project.org/package=Rcmdr},
}

@Manual{R-RcmdrMisc,
  title = {RcmdrMisc: R Commander Miscellaneous Functions},
  author = {John Fox},
  year = {2020},
  note = {R package version 2.7-1},
  url = {https://CRAN.R-project.org/package=RcmdrMisc},
}

@Manual{R-RColorBrewer,
  title = {RColorBrewer: ColorBrewer Palettes},
  author = {Erich Neuwirth},
  year = {2014},
  note = {R package version 1.1-2},
  url = {https://CRAN.R-project.org/package=RColorBrewer},
}

@Manual{R-Rcpp,
  title = {Rcpp: Seamless R and C++ Integration},
  author = {Dirk Eddelbuettel and Romain Francois and JJ Allaire and Kevin Ushey and Qiang Kou and Nathan Russell and Douglas Bates and John Chambers},
  year = {2021},
  note = {R package version 1.0.6},
  url = {https://CRAN.R-project.org/package=Rcpp},
}

@Manual{R-RcppArmadillo,
  title = {RcppArmadillo: Rcpp Integration for the Armadillo Templated Linear Algebra
Library},
  author = {Dirk Eddelbuettel and Romain Francois and Doug Bates and Binxiang Ni},
  year = {2021},
  note = {R package version 0.10.4.0.0},
  url = {https://github.com/RcppCore/RcppArmadillo},
}

@Manual{R-RcppEigen,
  title = {RcppEigen: Rcpp Integration for the Eigen Templated Linear Algebra
Library},
  author = {Douglas Bates and Dirk Eddelbuettel and Romain Francois and Yixuan Qiu; the authors of Eigen for the included version of Eigen},
  year = {2020},
  note = {R package version 0.3.3.9.1},
  url = {http://dirk.eddelbuettel.com/code/rcpp.eigen.html},
}

@Manual{R-RcppProgress,
  title = {RcppProgress: An Interruptible Progress Bar with OpenMP Support for C++ in R
Packages},
  author = {Karl Forner},
  year = {2020},
  note = {R package version 0.4.2},
  url = {https://github.com/kforner/rcpp_progress},
}

@Manual{R-RCSF,
  title = {RCSF: Airborne LiDAR Filtering Method Based on Cloth Simulation},
  author = {Jean-Romain Roussel and Jianbo Qi},
  year = {2020},
  note = {R package version 1.0.2},
  url = {https://CRAN.R-project.org/package=RCSF},
}

@Manual{R-RCurl,
  title = {RCurl: General Network (HTTP/FTP/...) Client Interface for R},
  author = {Duncan {Temple Lang}},
  year = {2020},
  note = {R package version 1.98-1.2},
  url = {https://CRAN.R-project.org/package=RCurl},
}

@Manual{R-readbitmap,
  title = {readbitmap: Simple Unified Interface to Read Bitmap Images
(BMP,JPEG,PNG,TIFF)},
  author = {Gregory Jefferis},
  year = {2018},
  note = {R package version 0.1.5},
  url = {https://github.com/jefferis/readbitmap},
}

@Manual{R-readr,
  title = {readr: Read Rectangular Text Data},
  author = {Hadley Wickham and Jim Hester},
  year = {2020},
  note = {R package version 1.4.0},
  url = {https://CRAN.R-project.org/package=readr},
}

@Manual{R-readstata13,
  title = {readstata13: Import Stata Data Files},
  author = {Jan Marvin Garbuszus and Sebastian Jeworutzki},
  year = {2018},
  note = {R package version 0.9.2},
  url = {https://github.com/sjewo/readstata13},
}

@Manual{R-readxl,
  title = {readxl: Read Excel Files},
  author = {Hadley Wickham and Jennifer Bryan},
  year = {2019},
  note = {R package version 1.3.1},
  url = {https://CRAN.R-project.org/package=readxl},
}

@Manual{R-redoc,
  title = {redoc: Reversible Reproducible Documents},
  author = {Noam Ross},
  year = {2021},
  note = {R package version 0.1.0.9000},
  url = {https://github.com/noamross/redoc},
}

@Manual{R-reldist,
  title = {reldist: Relative Distribution Methods},
  author = {Mark S. Handcock},
  year = {2016},
  note = {R package version 1.6-6},
  url = {http://www.stat.ucla.edu/~handcock/RelDist},
}

@Manual{R-relimp,
  title = {relimp: Relative Contribution of Effects in a Regression Model},
  author = {David Firth with contributions from Heather Turner and John Fox},
  year = {2016},
  note = {R package version 1.0-5},
  url = {http://warwick.ac.uk/relimp},
}

@Manual{R-rematch,
  title = {rematch: Match Regular Expressions with a Nicer API},
  author = {Gabor Csardi},
  year = {2016},
  note = {R package version 1.0.1},
  url = {https://github.com/MangoTheCat/rematch},
}

@Manual{R-rematch2,
  title = {rematch2: Tidy Output from Regular Expression Matching},
  author = {Gábor Csárdi},
  year = {2020},
  note = {R package version 2.1.2},
  url = {https://github.com/r-lib/rematch2#readme},
}

@Manual{R-remotes,
  title = {remotes: R Package Installation from Remote Repositories, Including
GitHub},
  author = {Jim Hester and Gábor Csárdi and Hadley Wickham and Winston Chang and Martin Morgan and Dan Tenenbaum},
  year = {2020},
  note = {R package version 2.2.0},
  url = {https://CRAN.R-project.org/package=remotes},
}

@Manual{R-renv,
  title = {renv: Project Environments},
  author = {Kevin Ushey},
  year = {2021},
  note = {R package version 0.13.2},
  url = {https://rstudio.github.io/renv/},
}

@Manual{R-reprex,
  title = {reprex: Prepare Reproducible Example Code via the Clipboard},
  author = {Jennifer Bryan and Jim Hester and David Robinson and Hadley Wickham},
  year = {2021},
  note = {R package version 2.0.0},
  url = {https://CRAN.R-project.org/package=reprex},
}

@Manual{R-reshape,
  title = {reshape: Flexibly Reshape Data},
  author = {Hadley Wickham},
  year = {2018},
  note = {R package version 0.8.8},
  url = {http://had.co.nz/reshape},
}

@Manual{R-reshape2,
  title = {reshape2: Flexibly Reshape Data: A Reboot of the Reshape Package},
  author = {Hadley Wickham},
  year = {2020},
  note = {R package version 1.4.4},
  url = {https://github.com/hadley/reshape},
}

@Manual{R-reticulate,
  title = {reticulate: Interface to Python},
  author = {Kevin Ushey and JJ Allaire and Yuan Tang},
  year = {2021},
  note = {R package version 1.19},
  url = {https://github.com/rstudio/reticulate},
}

@Manual{R-rex,
  title = {rex: Friendly Regular Expressions},
  author = {Kevin Ushey and Jim Hester and Robert Krzyzanowski},
  year = {2020},
  note = {R package version 1.2.0},
  url = {https://github.com/kevinushey/rex},
}

@Manual{R-rgdal,
  title = {rgdal: Bindings for the Geospatial Data Abstraction Library},
  author = {Roger Bivand and Tim Keitt and Barry Rowlingson},
  year = {2021},
  note = {R package version 1.5-23},
  url = {https://CRAN.R-project.org/package=rgdal},
}

@Manual{R-rgeos,
  title = {rgeos: Interface to Geometry Engine - Open Source (GEOS)},
  author = {Roger Bivand and Colin Rundel},
  year = {2020},
  note = {R package version 0.5-5},
  url = {https://r-forge.r-project.org/projects/rgeos/
https://trac.osgeo.org/geos/
http://rgeos.r-forge.r-project.org/index.html},
}

@Manual{R-rgl,
  title = {rgl: 3D Visualization Using OpenGL},
  author = {Daniel Adler and Duncan Murdoch},
  year = {2021},
  note = {R package version 0.106.8},
  url = {https://CRAN.R-project.org/package=rgl},
}

@Manual{R-rio,
  title = {rio: A Swiss-Army Knife for Data I/O},
  author = {Chung-hong Chan and Thomas J. Leeper},
  year = {2018},
  note = {R package version 0.5.16},
  url = {https://github.com/leeper/rio},
}

@Manual{R-rjson,
  title = {rjson: JSON for R},
  author = {Alex Couture-Beil},
  year = {2018},
  note = {R package version 0.2.20},
  url = {https://CRAN.R-project.org/package=rjson},
}

@Manual{R-rlang,
  title = {rlang: Functions for Base Types and Core R and Tidyverse Features},
  author = {Lionel Henry and Hadley Wickham},
  year = {2021},
  note = {R package version 0.4.11},
  url = {https://CRAN.R-project.org/package=rlang},
}

@Manual{R-rlas,
  title = {rlas: Read and Write las and laz Binary File Formats Used for
Remote Sensing Data},
  author = {Jean-Romain Roussel and Florian {De Boissieu}},
  year = {2021},
  note = {R package version 1.4.0},
  url = {https://github.com/Jean-Romain/rlas},
}

@Manual{R-rlist,
  title = {rlist: A Toolbox for Non-Tabular Data Manipulation},
  author = {Kun Ren},
  year = {2016},
  note = {R package version 0.4.6.1},
  url = {https://CRAN.R-project.org/package=rlist},
}

@Manual{R-rmarkdown,
  title = {rmarkdown: Dynamic Documents for R},
  author = {JJ Allaire and Yihui Xie and Jonathan McPherson and Javier Luraschi and Kevin Ushey and Aron Atkins and Hadley Wickham and Joe Cheng and Winston Chang and Richard Iannone},
  year = {2021},
  note = {R package version 2.7},
  url = {https://CRAN.R-project.org/package=rmarkdown},
}

@Manual{R-rootSolve,
  title = {rootSolve: Nonlinear Root Finding, Equilibrium and Steady-State Analysis of
Ordinary Differential Equations},
  author = {Karline Soetaert},
  year = {2020},
  note = {R package version 1.8.2.1},
  url = {https://CRAN.R-project.org/package=rootSolve},
}

@Manual{R-roxygen2,
  title = {roxygen2: In-Line Documentation for R},
  author = {Hadley Wickham and Peter Danenberg and Gábor Csárdi and Manuel Eugster},
  year = {2020},
  note = {R package version 7.1.1},
  url = {https://CRAN.R-project.org/package=roxygen2},
}

@Manual{R-rpart,
  title = {rpart: Recursive Partitioning and Regression Trees},
  author = {Terry Therneau and Beth Atkinson},
  year = {2019},
  note = {R package version 4.1-15},
  url = {https://CRAN.R-project.org/package=rpart},
}

@Manual{R-rprojroot,
  title = {rprojroot: Finding Files in Project Subdirectories},
  author = {Kirill Müller},
  year = {2020},
  note = {R package version 2.0.2},
  url = {https://CRAN.R-project.org/package=rprojroot},
}

@Manual{R-rqdatatable,
  title = {rqdatatable: rquery for data.table},
  author = {John Mount},
  year = {2020},
  note = {R package version 1.2.9},
  url = {https://CRAN.R-project.org/package=rqdatatable},
}

@Manual{R-rquery,
  title = {rquery: Relational Query Generator for Data Manipulation at Scale},
  author = {John Mount},
  year = {2020},
  note = {R package version 1.4.6},
  url = {https://CRAN.R-project.org/package=rquery},
}

@Manual{R-RRPP,
  title = {RRPP: Linear Model Evaluation with Randomized Residuals in a
Permutation Procedure},
  author = {Michael Collyer and Dean Adams},
  year = {2020},
  note = {R package version 0.6.1},
  url = {https://github.com/mlcollyer/RRPP},
}

@Manual{R-rrtools,
  title = {rrtools: Creates a Reproducible Research Compendium},
  author = {Ben Marwick},
  year = {2019},
  note = {R package version 0.1.5},
  url = {https://github.com/benmarwick/rrtools},
}

@Manual{R-RSQLite,
  title = {RSQLite: SQLite Interface for R},
  author = {Kirill Müller and Hadley Wickham and David A. James and Seth Falcon},
  year = {2021},
  note = {R package version 2.2.5},
  url = {https://CRAN.R-project.org/package=RSQLite},
}

@Manual{R-rstatix,
  title = {rstatix: Pipe-Friendly Framework for Basic Statistical Tests},
  author = {Alboukadel Kassambara},
  year = {2021},
  note = {R package version 0.7.0},
  url = {https://rpkgs.datanovia.com/rstatix/},
}

@Manual{R-rstudioapi,
  title = {rstudioapi: Safely Access the RStudio API},
  author = {Kevin Ushey and JJ Allaire and Hadley Wickham and Gary Ritchie},
  year = {2020},
  note = {R package version 0.13},
  url = {https://github.com/rstudio/rstudioapi},
}

@Manual{R-rsvg,
  title = {rsvg: Render SVG Images into PDF, PNG, PostScript, or Bitmap Arrays},
  author = {Jeroen Ooms},
  year = {2020},
  note = {R package version 2.1},
  url = {https://github.com/jeroen/rsvg#readme},
}

@Manual{R-Rttf2pt1,
  title = {Rttf2pt1: ttf2pt1 Program},
  author = {Winston Chang and Andrew Weeks and Frank M. Siegert and Mark Heath and Thomas Henlick and Sergey Babkin and Turgut Uyar and Rihardas Hepas and Szalay Tamas and Johan Vromans and Petr Titera and Lei Wang and Chen Xiangyang and Zvezdan Petkovic and {Rigel} and I. Lee Hetherington},
  year = {2020},
  note = {R package version 1.3.8},
  url = {https://github.com/wch/Rttf2pt1},
}

@Manual{R-Rvcg,
  title = {Rvcg: Manipulations of Triangular Meshes Based on the VCGLIB API},
  author = {Stefan Schlager},
  year = {2021},
  note = {R package version 0.19.2},
  url = {https://CRAN.R-project.org/package=Rvcg},
}

@Manual{R-rvcheck,
  title = {rvcheck: R/Package Version Check},
  author = {Guangchuang Yu},
  year = {2020},
  note = {R package version 0.1.8},
  url = {https://CRAN.R-project.org/package=rvcheck},
}

@Manual{R-rversions,
  title = {rversions: Query R Versions, Including r-release and r-oldrel},
  author = {Gábor Csárdi},
  year = {2020},
  note = {R package version 2.0.2},
  url = {https://CRAN.R-project.org/package=rversions},
}

@Manual{R-rvest,
  title = {rvest: Easily Harvest (Scrape) Web Pages},
  author = {Hadley Wickham},
  year = {2021},
  note = {R package version 1.0.0},
  url = {https://CRAN.R-project.org/package=rvest},
}

@Manual{R-sandwich,
  title = {sandwich: Robust Covariance Matrix Estimators},
  author = {Achim Zeileis and Thomas Lumley},
  year = {2020},
  note = {R package version 3.0-0},
  url = {http://sandwich.R-Forge.R-project.org/},
}

@Manual{R-sass,
  title = {sass: Syntactically Awesome Style Sheets (Sass)},
  author = {Joe Cheng and Timothy Mastny and Richard Iannone and Barret Schloerke and Carson Sievert},
  year = {2021},
  note = {R package version 0.3.1},
  url = {https://github.com/rstudio/sass},
}

@Manual{R-scales,
  title = {scales: Scale Functions for Visualization},
  author = {Hadley Wickham and Dana Seidel},
  year = {2020},
  note = {R package version 1.1.1},
  url = {https://CRAN.R-project.org/package=scales},
}

@Manual{R-SelectingClaysJan2021,
  title = {SelectingClaysJan2021: Deciding Which Materials to Order for Large Cleat-mark/Toughness Experiments},
  author = {Evan Mascitti},
  note = {R package version 0.0.0.9000},
  url = {https://github.com/evanmascitti/SelectingClaysJan2021},
  year = {2021},
}

@Manual{R-selectr,
  title = {selectr: Translate CSS Selectors to XPath Expressions},
  author = {Simon Potter and Simon Sapin and Ian Bicking},
  year = {2019},
  note = {R package version 0.4-2},
  url = {https://sjp.co.nz/projects/selectr},
}

@Manual{R-servr,
  title = {servr: A Simple HTTP Server to Serve Static Files or Dynamic Documents},
  author = {Yihui Xie},
  year = {2021},
  note = {R package version 0.22},
  url = {https://github.com/yihui/servr},
}

@Manual{R-sessioninfo,
  title = {sessioninfo: R Session Information},
  author = {Gábor Csárdi and R core and Hadley Wickham and Winston Chang and Robert M Flight and Kirill Müller and Jim Hester},
  year = {2018},
  note = {R package version 1.1.1},
  url = {https://github.com/r-lib/sessioninfo#readme},
}

@Manual{R-sf,
  title = {sf: Simple Features for R},
  author = {Edzer Pebesma},
  year = {2021},
  note = {R package version 0.9-8},
  url = {https://CRAN.R-project.org/package=sf},
}

@Manual{R-sfsmisc,
  title = {sfsmisc: Utilities from Seminar fuer Statistik ETH Zurich},
  author = {Martin Maechler},
  year = {2020},
  note = {R package version 1.1-7},
  url = {https://CRAN.R-project.org/package=sfsmisc},
}

@Manual{R-sgeostat,
  title = {sgeostat: An Object-Oriented Framework for Geostatistical Modeling in S+},
  author = {S original by James J. Majure Iowa State University and R port + extensions by Albrecht Gebhardt},
  year = {2016},
  note = {R package version 1.0-27},
  url = {https://CRAN.R-project.org/package=sgeostat},
}

@Manual{R-shiny,
  title = {shiny: Web Application Framework for R},
  author = {Winston Chang and Joe Cheng and JJ Allaire and Carson Sievert and Barret Schloerke and Yihui Xie and Jeff Allen and Jonathan McPherson and Alan Dipert and Barbara Borges},
  year = {2021},
  note = {R package version 1.6.0},
  url = {https://shiny.rstudio.com/},
}

@Manual{R-shinydashboard,
  title = {shinydashboard: Create Dashboards with Shiny},
  author = {Winston Chang and Barbara {Borges Ribeiro}},
  year = {2018},
  note = {R package version 0.7.1},
  url = {http://rstudio.github.io/shinydashboard/},
}

@Manual{R-shinyjs,
  title = {shinyjs: Easily Improve the User Experience of Your Shiny Apps in Seconds},
  author = {Dean Attali},
  year = {2020},
  note = {R package version 2.0.0},
  url = {https://deanattali.com/shinyjs/},
}

@Manual{R-shinyWidgets,
  title = {shinyWidgets: Custom Inputs Widgets for Shiny},
  author = {Victor Perrier and Fanny Meyer and David Granjon},
  year = {2021},
  note = {R package version 0.6.0},
  url = {https://github.com/dreamRs/shinyWidgets},
}

@Manual{R-showtext,
  title = {showtext: Using Fonts More Easily in R Graphs},
  author = {Yixuan Qiu and authors/contributors of the included software. See file AUTHORS for details.},
  year = {2020},
  note = {R package version 0.9-1},
  url = {https://github.com/yixuan/showtext},
}

@Manual{R-showtextdb,
  title = {showtextdb: Font Files for the showtext Package},
  author = {Yixuan Qiu and authors/contributors of the included fonts. See file AUTHORS for details.},
  year = {2020},
  note = {R package version 3.0},
  url = {https://CRAN.R-project.org/package=showtextdb},
}

@Manual{R-sigr,
  title = {sigr: Succinct and Correct Statistical Summaries for Reports},
  author = {John Mount and Nina Zumel},
  year = {2020},
  note = {R package version 1.1.3},
  url = {https://CRAN.R-project.org/package=sigr},
}

@Manual{R-sjlabelled,
  title = {sjlabelled: Labelled Data Utility Functions},
  author = {Daniel Lüdecke},
  year = {2020},
  note = {R package version 1.1.7},
  url = {https://strengejacke.github.io/sjlabelled/},
}

@Manual{R-sjmisc,
  title = {sjmisc: Data and Variable Transformation Functions},
  author = {Daniel Lüdecke},
  year = {2020},
  note = {R package version 2.8.5},
  url = {https://strengejacke.github.io/sjmisc},
}

@Manual{R-sloop,
  title = {sloop: Helpers for OOP in R},
  author = {Hadley Wickham},
  year = {2019},
  note = {R package version 1.0.1},
  url = {https://CRAN.R-project.org/package=sloop},
}

@Manual{R-snakecase,
  title = {snakecase: Convert Strings into any Case},
  author = {Malte Grosser},
  year = {2019},
  note = {R package version 0.11.0},
  url = {https://github.com/Tazinho/snakecase},
}

@Manual{R-SnowballC,
  title = {SnowballC: Snowball Stemmers Based on the C libstemmer UTF-8 Library},
  author = {Milan Bouchet-Valat},
  year = {2020},
  note = {R package version 0.7.0},
  url = {https://github.com/nalimilan/R.TeMiS},
}

@Manual{R-socviz,
  title = {socviz: Utility Functions and Data Sets for Data Visualization},
  author = {Kieran Healy},
  year = {2020},
  note = {R package version 1.2},
  url = {http://kjhealy.github.io/socviz/},
}

@Manual{R-soilmesh,
  title = {soilmesh: Processes 3D Meshes Without Headaches},
  author = {Evan Mascitti},
  year = {2021},
  note = {R package version 0.0.0.9007},
  url = {https://github.com/evanmascitti/soilmesh},
}

@Manual{R-soilphysics,
  title = {soilphysics: Soil Physical Analysis},
  author = {Anderson Rodrigo {da Silva} and Renato Paiva {de Lima}},
  year = {2020},
  note = {R package version 4.0},
  url = {https://arsilva87.github.io/soilphysics/},
}

@Manual{R-soiltestr,
  title = {soiltestr: Functions for Laboratory Soil Testing},
  author = {Evan Mascitti},
  note = {R package version 0.0.3.0},
  year = {2021},
}

@Manual{R-sourcetools,
  title = {sourcetools: Tools for Reading, Tokenizing and Parsing R Code},
  author = {Kevin Ushey},
  year = {2018},
  note = {R package version 0.1.7},
  url = {https://CRAN.R-project.org/package=sourcetools},
}

@Manual{R-sp,
  title = {sp: Classes and Methods for Spatial Data},
  author = {Edzer Pebesma and Roger Bivand},
  year = {2021},
  note = {R package version 1.4-5},
  url = {https://CRAN.R-project.org/package=sp},
}

@Manual{R-spam,
  title = {spam: SPArse Matrix},
  author = {Reinhard Furrer and Florian Gerber and Roman Flury},
  year = {2019},
  note = {R package version 2.5-1},
  url = {https://www.math.uzh.ch/pages/spam/},
}

@Manual{R-spam64,
  title = {spam64: 64-Bit Extension of the SPArse Matrix R Package spam},
  author = {Reinhard Furrer and Florian Gerber and Roman Flury},
  year = {2019},
  note = {R package version 2.5-1},
  url = {https://git.math.uzh.ch/reinhard.furrer/spam},
}

@Manual{R-SparseM,
  title = {SparseM: Sparse Linear Algebra},
  author = {Roger Koenker and Pin Ng},
  year = {2019},
  note = {R package version 1.78},
  url = {http://www.econ.uiuc.edu/~roger/research/sparse/sparse.html},
}

@Manual{R-spatial,
  title = {spatial: Functions for Kriging and Point Pattern Analysis},
  author = {Brian Ripley},
  year = {2021},
  note = {R package version 7.3-13},
  url = {http://www.stats.ox.ac.uk/pub/MASS4/},
}

@Manual{R-spatstat,
  title = {spatstat: Spatial Point Pattern Analysis, Model-Fitting, Simulation, Tests},
  author = {Adrian Baddeley and Rolf Turner and Ege Rubak and with substantial contributions of code by Kasper Klitgaard Berthelsen; Ottmar Cronie; Tilman Davies; Yongtao Guan; Ute Hahn; Abdollah Jalilian; Marie-Colette van Lieshout; Greg McSwiggan; Tuomas Rajala; Suman Rakshit; Dominic Schuhmacher; Rasmus Waagepetersen; and Hangsheng Wang. Additional contributions by M. Adepeju; C. Anderson; Q.W. Ang; R. Arellano; J. Astrom; R. Aue; M. Austenfeld; S. Azaele; M. Baddeley; C. Beale; M. Bell; R. Bernhardt; T. Bendtsen; A. Bevan; B. Biggerstaff; A. Bilgrau; L. Bischof; C. Biscio; R. Bivand; J.M. Blanco Moreno; F. Bonneu; J. Brown; J. Burgos; S. Byers; Y.M. Chang; J.B. Chen; I. Chernayavsky; Y.C. Chin; B. Christensen; L. Cobo Sanchez; J.-F. Coeurjolly; K. Colyvas; H. Commenges; R. Constantine; R. Corria Ainslie; R. Cotton; M. de la Cruz; P. Dalgaard; M. D'Antuono; S. Das; P.J. Diggle; P. Donnelly; I. Dryden; S. Eglen; A. El-Gabbas; B. Fandohan; O. Flores; E.D. Ford; P. Forbes; S. Frank; J. Franklin; N. Funwi-Gabga; O. Garcia; A. Gault; J. Geldmann; M. Genton; S. Ghalandarayeshi; J. Gilbey; J. Goldstick; P. Grabarnik; C. Graf; U. Hahn; A. Hardegen; M.B. Hansen; M. Hazelton; J. Heikkinen; M. Hering; M. Herrmann; M. Hesselbarth; P. Hewson; H. Heydarian; K. Hingee; K. Hornik; P. Hunziker; J. Hywood; R. Ihaka; C. Icos; A. Jammalamadaka; R. John-Chandran; D. Johnson; M. Khanmohammadi; R. Klaver; P. Kovesi; L. Kozmian-Ledward; M. Kuhn; J. Laake; R.A. Lamb; F. Lavancier; T. Lawrence; T. Lazauskas; J. Lee; G.P. Leser; A. Li; H.T. Li; G. Limitsios; A. Lister; N. Luambua; B. Madin; M. Maechler; J. Marcus; K. Marchikanti; R. Mark; J. Mateu; P. McCullagh; U. Mehlig; F. Mestre; S. Meyer; X.C. Mi; L. De Middeleer; R.K. Milne; E. Miranda; J. Moller; A. Mollie; I. Moncada; M. Moradi; V. Morera Pujol; E. Mudrak; G.M. Nair; N. Najari; N. Nava; L.S. Nielsen; F. Nunes; J.R. Nyengaard; J. Oehlschlaegel; T. Onkelinx; S. O'Riordan; E. Parilov; J. Picka; N. Picard; T. Pollington; M. Porter; S. Protsiv; A. Raftery; S. Rakshit; B. Ramage; P. Ramon; X. Raynaud; N. Read; M. Reiter; I. Renner; T.O. Richardson; B.D. Ripley; E. Rosenbaum; B. Rowlingson; J. Rudokas; T. Rudolph; J. Rudge; C. Ryan; F. Safavimanesh; A. Sarkka; C. Schank; K. Schladitz; S. Schutte; B.T. Scott; O. Semboli; F. Semecurbe; V. Shcherbakov; G.C. Shen; P. Shi; H.-J. Ship; T.L. Silva; I.-M. Sintorn; Y. Song; M. Spiess; M. Stevenson; K. Stucki; J. Sulavik; M. Sumner; P. Surovy; B. Taylor; T. Thorarinsdottir; L. Torres; B. Turlach; T. Tvedebrink; K. Ummer; M. Uppala; A. van Burgel; T. Verbeke; M. Vihtakari; A. Villers; F. Vinatier; M. Vogtland; S. Voss; S. Wagner; H. Wang; H. Wendrock; J. Wild; C. Witthoft; S. Wong; M. Woringer; L. Yates; M.E. Zamboni and A. Zeileis.},
  year = {2020},
  note = {R package version 1.64-1},
  url = {http://www.spatstat.org},
}

@Manual{R-spatstat.data,
  title = {spatstat.data: Datasets for spatstat},
  author = {Adrian Baddeley and Rolf Turner and Ege Rubak},
  year = {2020},
  note = {R package version 1.5-2},
  url = {http://spatstat.org},
}

@Manual{R-spatstat.utils,
  title = {spatstat.utils: Utility Functions for spatstat},
  author = {Adrian Baddeley and Rolf Turner and Ege Rubak},
  year = {2020},
  note = {R package version 1.17-0},
  url = {http://www.spatstat.org},
}

@Manual{R-splancs,
  title = {splancs: Spatial and Space-Time Point Pattern Analysis},
  author = {Barry Rowlingson and Peter Diggle},
  year = {2017},
  note = {R package version 2.01-40},
  url = {http://www.maths.lancs.ac.uk/~rowlings/Splancs/},
}

@Manual{R-statmod,
  title = {statmod: Statistical Modeling},
  author = {Gordon Smyth and Yifang Hu and Peter Dunn and Belinda Phipson and Yunshun Chen},
  year = {2020},
  note = {R package version 1.4.35},
  url = {https://CRAN.R-project.org/package=statmod},
}

@Manual{R-stringdist,
  title = {stringdist: Approximate String Matching, Fuzzy Text Search, and String
Distance Functions},
  author = {Mark {van der Loo}},
  year = {2020},
  note = {R package version 0.9.6.3},
  url = {https://github.com/markvanderloo/stringdist},
}

@Manual{R-stringi,
  title = {stringi: Character String Processing Facilities},
  author = {Marek Gagolewski and Bartek Tartanus and and other contributors; IBM and {Unicode} and {Inc.} and other contributors; Unicode and {Inc.}},
  year = {2020},
  note = {R package version 1.5.3},
  url = {https://CRAN.R-project.org/package=stringi},
}

@Manual{R-stringr,
  title = {stringr: Simple, Consistent Wrappers for Common String Operations},
  author = {Hadley Wickham},
  year = {2019},
  note = {R package version 1.4.0},
  url = {https://CRAN.R-project.org/package=stringr},
}

@Manual{R-styler,
  title = {styler: Non-Invasive Pretty Printing of R Code},
  author = {Kirill Müller and Lorenz Walthert},
  year = {2020},
  note = {R package version 1.3.2},
  url = {https://github.com/r-lib/styler},
}

@Manual{R-survey,
  title = {survey: Analysis of Complex Survey Samples},
  author = {Thomas Lumley},
  year = {2020},
  note = {R package version 4.0},
  url = {http://r-survey.r-forge.r-project.org/survey/},
}

@Manual{R-survival,
  title = {survival: Survival Analysis},
  author = {Terry M Therneau},
  year = {2021},
  note = {R package version 3.2-10},
  url = {https://github.com/therneau/survival},
}

@Manual{R-svglite,
  title = {svglite: An SVG Graphics Device},
  author = {Hadley Wickham and Lionel Henry and Thomas Lin Pedersen and T Jake Luciani and Matthieu Decorde and Vaudor Lise},
  year = {2020},
  note = {R package version 1.2.3.2},
  url = {https://github.com/r-lib/svglite},
}

@Manual{R-sys,
  title = {sys: Powerful and Reliable Tools for Running System Commands in R},
  author = {Jeroen Ooms},
  year = {2020},
  note = {R package version 3.4},
  url = {https://github.com/jeroen/sys},
}

@Manual{R-sysfonts,
  title = {sysfonts: Loading Fonts into R},
  author = {Yixuan Qiu and authors/contributors of the included fonts. See file AUTHORS for details.},
  year = {2020},
  note = {R package version 0.8.2},
  url = {https://github.com/yixuan/sysfonts},
}

@Manual{R-systemfonts,
  title = {systemfonts: System Native Font Finding},
  author = {Thomas Lin Pedersen and Jeroen Ooms and Devon Govett},
  year = {2021},
  note = {R package version 1.0.0},
  url = {https://github.com/r-lib/systemfonts},
}

@Manual{R-tarchetypes,
  title = {tarchetypes: Archetypes for Targets},
  author = {William Michael Landau},
  year = {2021},
  note = {R package version 0.1.0},
  url = {https://CRAN.R-project.org/package=tarchetypes},
}

@Manual{R-tbrdec2020,
  title = {tbrdec2020: Mix Sand with Some Red Clay and See What Happens},
  author = {Evan Mascitti},
  note = {R package version 0.0.0.9000},
  url = {https://github.com/evanmascitti/tbrdec2020},
  year = {2021},
}

@Manual{R-tcltk2,
  title = {tcltk2: Tcl/Tk Additions},
  author = {Philippe Grosjean},
  year = {2014},
  note = {R package version 1.2-11},
  url = {http://www.sciviews.org/SciViews-R},
}

@Manual{R-tensor,
  title = {tensor: Tensor product of arrays},
  author = {Jonathan Rougier},
  year = {2012},
  note = {R package version 1.5},
  url = {https://CRAN.R-project.org/package=tensor},
}

@Manual{R-tesseract,
  title = {tesseract: Open Source OCR Engine},
  author = {Jeroen Ooms},
  year = {2019},
  note = {R package version 4.1},
  url = {https://github.com/ropensci/tesseract},
}

@Manual{R-testthat,
  title = {testthat: Unit Testing for R},
  author = {Hadley Wickham},
  year = {2021},
  note = {https://testthat.r-lib.org, https://github.com/r-lib/testthat},
}

@Manual{R-textshaping,
  title = {textshaping: Bindings to the HarfBuzz and Fribidi Libraries for Text
Shaping},
  author = {Thomas Lin Pedersen},
  year = {2021},
  note = {R package version 0.3.3},
  url = {https://github.com/r-lib/textshaping},
}

@Manual{R-tibble,
  title = {tibble: Simple Data Frames},
  author = {Kirill Müller and Hadley Wickham},
  year = {2021},
  note = {R package version 3.1.1},
  url = {https://CRAN.R-project.org/package=tibble},
}

@Manual{R-tictoc,
  title = {tictoc: Functions for timing R scripts, as well as implementations of
Stack and List structures.},
  author = {Sergei Izrailev},
  year = {2014},
  note = {R package version 1.0},
  url = {http://github.com/collectivemedia/tictoc},
}

@Manual{R-tidyr,
  title = {tidyr: Tidy Messy Data},
  author = {Hadley Wickham},
  year = {2021},
  note = {https://tidyr.tidyverse.org, https://github.com/tidyverse/tidyr},
}

@Manual{R-tidyselect,
  title = {tidyselect: Select from a Set of Strings},
  author = {Lionel Henry and Hadley Wickham},
  year = {2021},
  note = {R package version 1.1.1},
  url = {https://CRAN.R-project.org/package=tidyselect},
}

@Manual{R-tidytext,
  title = {tidytext: Text Mining using dplyr, ggplot2, and Other Tidy Tools},
  author = {David Robinson and Julia Silge},
  year = {2021},
  note = {R package version 0.3.0},
  url = {https://github.com/juliasilge/tidytext},
}

@Manual{R-tidyverse,
  title = {tidyverse: Easily Install and Load the Tidyverse},
  author = {Hadley Wickham},
  year = {2021},
  note = {R package version 1.3.1},
  url = {https://CRAN.R-project.org/package=tidyverse},
}

@Manual{R-tiff,
  title = {tiff: Read and write TIFF images},
  author = {Simon Urbanek},
  year = {2020},
  note = {R package version 0.1-6},
  url = {http://www.rforge.net/tiff/},
}

@Manual{R-tinytex,
  title = {tinytex: Helper Functions to Install and Maintain TeX Live, and Compile
LaTeX Documents},
  author = {Yihui Xie},
  year = {2021},
  note = {R package version 0.31},
  url = {https://github.com/yihui/tinytex},
}

@Manual{R-tokenizers,
  title = {tokenizers: Fast, Consistent Tokenization of Natural Language Text},
  author = {Lincoln Mullen},
  year = {2018},
  note = {R package version 0.2.1},
  url = {https://lincolnmullen.com/software/tokenizers/},
}

@Manual{R-transformr,
  title = {transformr: Polygon and Path Transformations},
  author = {Thomas Lin Pedersen},
  year = {2020},
  note = {R package version 0.1.3},
  url = {https://github.com/thomasp85/transformr},
}

@Manual{R-translations,
  title = {translations: The R Translations Package},
  author = {R Core Team and contributors worldwide},
  note = {R package version 4.0.5},
  year = {2021},
}

@Manual{R-tripack,
  title = {tripack: Triangulation of Irregularly Spaced Data},
  author = {Fortran code by R. J. Renka. R functions by Albrecht Gebhardt. With contributions from Stephen Eglen <stephen@anc.ed.ac.uk> and Sergei Zuyev and Denis White},
  year = {2020},
  note = {R package version 1.3-9.1},
  url = {https://CRAN.R-project.org/package=tripack},
}

@Manual{R-TTR,
  title = {TTR: Technical Trading Rules},
  author = {Joshua Ulrich},
  year = {2020},
  note = {R package version 0.24.2},
  url = {https://github.com/joshuaulrich/TTR},
}

@Manual{R-tweenr,
  title = {tweenr: Interpolate Data for Smooth Animations},
  author = {Thomas Lin Pedersen},
  year = {2021},
  note = {R package version 1.0.2},
  url = {https://github.com/thomasp85/tweenr},
}

@Manual{R-ucminf,
  title = {ucminf: General-Purpose Unconstrained Non-Linear Optimization},
  author = {Hans Bruun Nielsen and Stig Bousgaard Mortensen},
  year = {2016},
  note = {R package version 1.1-4},
  url = {https://CRAN.R-project.org/package=ucminf},
}

@Manual{R-udapi,
  title = {udapi: Urban Dictionary API Client},
  author = {Oliver Keyes},
  year = {2018},
  note = {R package version 0.1.3},
  url = {https://github.com/Ironholds/udapi/},
}

@Manual{R-Unicode,
  title = {Unicode: Unicode Data and Utilities},
  author = {Kurt Hornik},
  year = {2020},
  note = {R package version 13.0.0-1},
  url = {https://CRAN.R-project.org/package=Unicode},
}

@Manual{R-units,
  title = {units: Measurement Units for R Vectors},
  author = {Edzer Pebesma and Thomas Mailund and Tomasz Kalinowski and Iñaki Ucar},
  year = {2021},
  note = {R package version 0.7-1},
  url = {https://github.com/r-quantities/units/},
}

@Manual{R-user2016docdemo,
  title = {user2016docdemo: Custom format for rmarkdown},
  author = {'Ian Lyttle'},
  year = {2021},
  note = {R package version 0.0.0.9000},
  url = {https://github.com/ijlyttle/user2016docdemo},
}

@Manual{R-usethis,
  title = {usethis: Automate Package and Project Setup},
  author = {Hadley Wickham and Jennifer Bryan},
  year = {2021},
  note = {https://usethis.r-lib.org, https://github.com/r-lib/usethis},
}

@Manual{R-utf8,
  title = {utf8: Unicode Text Processing},
  author = {Patrick O. Perry},
  year = {2021},
  note = {R package version 1.2.1},
  url = {https://CRAN.R-project.org/package=utf8},
}

@Manual{R-uuid,
  title = {uuid: Tools for Generating and Handling of UUIDs},
  author = {Simon Urbanek and Theodore Ts'o},
  year = {2020},
  note = {R package version 0.1-4},
  url = {http://www.rforge.net/uuid},
}

@Manual{R-vctrs,
  title = {vctrs: Vector Helpers},
  author = {Hadley Wickham and Lionel Henry and Davis Vaughan},
  year = {2021},
  note = {R package version 0.3.8},
  url = {https://vctrs.r-lib.org/},
}

@Manual{R-viridis,
  title = {viridis: Default Color Maps from matplotlib},
  author = {Simon Garnier},
  year = {2018},
  note = {R package version 0.5.1},
  url = {https://github.com/sjmgarnier/viridis},
}

@Manual{R-viridisLite,
  title = {viridisLite: Colorblind-Friendly Color Maps (Lite Version)},
  author = {Simon Garnier},
  year = {2021},
  note = {R package version 0.4.0},
  url = {https://CRAN.R-project.org/package=viridisLite},
}

@Manual{R-visNetwork,
  title = {visNetwork: Network Visualization using vis.js Library},
  author = {{Almende B.V.} and Benoit Thieurmel and Titouan Robert},
  year = {2019},
  note = {R package version 2.0.9},
  url = {http://datastorm-open.github.io/visNetwork/},
}

@Manual{R-vroom,
  title = {vroom: Read and Write Rectangular Text Data Quickly},
  author = {Jim Hester and Hadley Wickham},
  year = {2020},
  note = {R package version 1.3.2},
  url = {https://CRAN.R-project.org/package=vroom},
}

@Manual{R-waldo,
  title = {waldo: Find Differences Between R Objects},
  author = {Hadley Wickham},
  year = {2021},
  note = {R package version 0.2.4.9000},
  url = {https://github.com/r-lib/waldo},
}

@Manual{R-webshot,
  title = {webshot: Take Screenshots of Web Pages},
  author = {Winston Chang},
  year = {2019},
  note = {R package version 0.5.2},
  url = {https://github.com/wch/webshot/},
}

@Manual{R-webshot2,
  title = {webshot2: Take Screenshots of Web Pages},
  author = {Winston Chang},
  year = {2021},
  note = {R package version 0.0.0.9000},
}

@Manual{R-websocket,
  title = {websocket: WebSocket Client Library},
  author = {Winston Chang and Joe Cheng and Alan Dipert and Barbara Borges},
  year = {2021},
  note = {R package version 1.3.2},
  url = {https://CRAN.R-project.org/package=websocket},
}

@Manual{R-wesanderson,
  title = {wesanderson: A Wes Anderson Palette Generator},
  author = {Karthik Ram and Hadley Wickham},
  year = {2018},
  note = {R package version 0.3.6},
  url = {https://github.com/karthik/wesanderson},
}

@Manual{R-whisker,
  title = {whisker: {{mustache}} for R, Logicless Templating},
  author = {Edwin {de Jonge}},
  year = {2019},
  note = {R package version 0.4},
  url = {http://github.com/edwindj/whisker},
}

@Manual{R-whoami,
  title = {whoami: Username, Full Name, Email Address, GitHub Username of the
Current User},
  author = {Gábor Csárdi},
  year = {2019},
  note = {R package version 1.3.0},
  url = {https://github.com/r-lib/whoami#readme},
}

@Manual{R-withr,
  title = {withr: Run Code With Temporarily Modified Global State},
  author = {Jim Hester and Kirill Müller and Kevin Ushey and Hadley Wickham and Winston Chang},
  year = {2021},
  note = {R package version 2.4.2},
  url = {https://CRAN.R-project.org/package=withr},
}

@Manual{R-wrapr,
  title = {wrapr: Wrap R Tools for Debugging and Parametric Programming},
  author = {John Mount and Nina Zumel},
  year = {2021},
  note = {R package version 2.0.7},
  url = {https://CRAN.R-project.org/package=wrapr},
}

@Manual{R-WrapRmd,
  title = {WrapRmd: RStudio Addin for Wrapping RMarkdown Paragraphs},
  author = {Tristan Mahr},
  year = {2021},
  note = {R package version 0.0.0.9003},
}

@Manual{R-writexl,
  title = {writexl: Export Data Frames to Excel xlsx Format},
  author = {Jeroen Ooms},
  year = {2020},
  note = {R package version 1.3.1},
  url = {https://CRAN.R-project.org/package=writexl},
}

@Manual{R-WVPlots,
  title = {WVPlots: Common Plots for Analysis},
  author = {John Mount and Nina Zumel},
  year = {2021},
  note = {R package version 1.3.2},
  url = {https://CRAN.R-project.org/package=WVPlots},
}

@Manual{R-xaringan,
  title = {xaringan: Presentation Ninja},
  author = {Yihui Xie},
  year = {2021},
  note = {R package version 0.20},
  url = {https://github.com/yihui/xaringan},
}

@Manual{R-xaringanBuilder,
  title = {xaringanBuilder: Functions For Building Xaringan Slides To Different Outputs},
  author = {John Helveston and Garrick Aden-Buie},
  year = {2021},
  note = {R package version 0.0.7.9001},
}

@Manual{R-xaringanExtra,
  title = {xaringanExtra: Extras And Extensions for Xaringan Slides},
  author = {Garrick Aden-Buie and Matthew T. Warkentin},
  year = {2021},
  note = {R package version 0.4.0},
  url = {https://github.com/gadenbuie/xaringanExtra},
}

@Manual{R-xaringanthemer,
  title = {xaringanthemer: Custom xaringan CSS Themes},
  author = {Garrick Aden-Buie},
  year = {2020},
  note = {https://pkg.garrickadenbuie.com/xaringanthemer,
https://github.com/gadenbuie/xaringanthemer},
}

@Manual{R-xfun,
  title = {xfun: Supporting Functions for Packages Maintained by Yihui Xie},
  author = {Yihui Xie},
  year = {2021},
  note = {R package version 0.22.2},
  url = {https://github.com/yihui/xfun},
}

@Manual{R-XML,
  title = {XML: Tools for Parsing and Generating XML Within R and S-Plus},
  author = {Duncan {Temple Lang}},
  year = {2020},
  note = {R package version 3.99-0.5},
  url = {http://www.omegahat.net/RSXML},
}

@Manual{R-xml2,
  title = {xml2: Parse XML},
  author = {Hadley Wickham and Jim Hester and Jeroen Ooms},
  year = {2020},
  note = {R package version 1.3.2},
  url = {https://CRAN.R-project.org/package=xml2},
}

@Manual{R-XML2R,
  title = {XML2R: EasieR XML data collection},
  author = {Carson Sievert},
  year = {2014},
  note = {R package version 0.0.6},
  url = {http://cpsievert.github.com/XML2R},
}

@Manual{R-xopen,
  title = {xopen: Open System Files, URLs, Anything},
  author = {Gábor Csárdi and Fathi Boudra and Rex Dieter and Kevin Krammer and Jeremy White},
  year = {2018},
  note = {R package version 1.0.0},
  url = {https://github.com/r-lib/xopen#readme},
}

@Manual{R-xtable,
  title = {xtable: Export Tables to LaTeX or HTML},
  author = {David B. Dahl and David Scott and Charles Roosen and Arni Magnusson and Jonathan Swinton},
  year = {2019},
  note = {R package version 1.8-4},
  url = {http://xtable.r-forge.r-project.org/},
}

@Manual{R-xts,
  title = {xts: eXtensible Time Series},
  author = {Jeffrey A. Ryan and Joshua M. Ulrich},
  year = {2020},
  note = {R package version 0.12.1},
  url = {https://github.com/joshuaulrich/xts},
}

@Manual{R-yaml,
  title = {yaml: Methods to Convert R Data to YAML and Back},
  author = {Jeremy Stephens and Kirill Simonov and Yihui Xie and Zhuoer Dong and Hadley Wickham and Jeffrey Horner and {reikoch} and Will Beasley and Brendan O'Connor and Gregory R. Warnes},
  year = {2020},
  note = {R package version 2.2.1},
  url = {https://github.com/viking/r-yaml/},
}

@Manual{R-yesno,
  title = {yesno: Ask Yes-No Questions},
  author = {Joe Thorley and Hadley Wickham},
  year = {2020},
  note = {R package version 0.1.2},
  url = {https://github.com/poissonconsulting/yesno},
}

@Manual{R-zip,
  title = {zip: Cross-Platform zip Compression},
  author = {Gábor Csárdi and Kuba Podgórski and Rich Geldreich},
  year = {2020},
  note = {R package version 2.1.1},
  url = {https://github.com/r-lib/zip#readme},
}

@Manual{R-zoo,
  title = {zoo: S3 Infrastructure for Regular and Irregular Time Series (Z's
Ordered Observations)},
  author = {Achim Zeileis and Gabor Grothendieck and Jeffrey A. Ryan},
  year = {2020},
  note = {R package version 1.8-8},
  url = {http://zoo.R-Forge.R-project.org/},
}

@Article{ape2019,
  title = {ape 5.0: an environment for modern phylogenetics and evolutionary analyses in {R}},
  author = {E. Paradis and K. Schliep},
  journal = {Bioinformatics},
  year = {2019},
  volume = {35},
  pages = {526-528},
}

@Manual{aqp2013,
  title = {Algorithms for quantitative pedology: A toolkit for soil scientists},
  author = {D.E. debeaudette@ucdavis.edu Beaudette and P. Roudier and A.T. O'Geen},
  journal = {Computers & Geosciences},
  year = {2013},
  volume = {52},
  pages = {258 - 268},
  url = {http://ncss-tech.github.io/AQP/},
}

@Article{baseline2010,
  title = {Optimal Choice of Baseline Correction for Multivariate Calibration of Spectra},
  author = {Kristian Hovde Liland and Trygve Almøy and Bjørn-Helge Mevik},
  year = {2010},
  volume = {64},
  pages = {1007-1016},
  journal = {Applied Spectroscopy},
}

@Article{bayestestR2019,
  title = {bayestestR: Describing Effects and their Uncertainty, Existence and Significance within the Bayesian Framework.},
  author = {Dominique Makowski and Mattan S. Ben-Shachar and Daniel Lüdecke},
  journal = {Journal of Open Source Software},
  doi = {10.21105/joss.01541},
  year = {2019},
  number = {40},
  volume = {4},
  pages = {1541},
  url = {https://joss.theoj.org/papers/10.21105/joss.01541},
}

@Book{blogdown2017,
  title = {blogdown: Creating Websites with {R} Markdown},
  author = {Yihui Xie and Alison Presmanes Hill and Amber Thomas},
  publisher = {Chapman and Hall/CRC},
  address = {Boca Raton, Florida},
  year = {2017},
  note = {ISBN 978-0815363729},
  url = {https://github.com/rstudio/blogdown},
}

@Book{bookdown2016,
  title = {bookdown: Authoring Books and Technical Documents with {R} Markdown},
  author = {Yihui Xie},
  publisher = {Chapman and Hall/CRC},
  address = {Boca Raton, Florida},
  year = {2016},
  note = {ISBN 978-1138700109},
  url = {https://bookdown.org/yihui/bookdown},
}

@Book{boot1997,
  title = {Bootstrap Methods and Their Applications},
  author = {A. C. Davison and D. V. Hinkley},
  publisher = {Cambridge University Press},
  address = {Cambridge},
  year = {1997},
  note = {ISBN 0-521-57391-2},
  url = {http://statwww.epfl.ch/davison/BMA/},
}

@Book{car2019,
  title = {An {R} Companion to Applied Regression},
  edition = {Third},
  author = {John Fox and Sanford Weisberg},
  year = {2019},
  publisher = {Sage},
  address = {Thousand Oaks {CA}},
  url = {https://socialsciences.mcmaster.ca/jfox/Books/Companion/},
}

@Article{checkmate,
  title = {{checkmate}: Fast Argument Checks for Defensive R Programming},
  author = {Michel Lang},
  journal = {The R Journal},
  year = {2017},
  url = {https://journal.r-project.org/archive/2017/RJ-2017-028/index.html},
  pages = {437--445},
  volume = {9},
  number = {1},
}

@Manual{circular2017,
  title = {{R} package \texttt{circular}: Circular Statistics (version 0.4-93)},
  author = {C. Agostinelli and U. Lund},
  address = {CA: Department of Environmental Sciences, Informatics
and Statistics, Ca' Foscari University, Venice, Italy. UL: Department of Statistics, California Polytechnic State University, San Luis Obispo, California, USA},
  year = {2017},
  url = {https://r-forge.r-project.org/projects/circular/},
}

@Book{class2002,
  title = {Modern Applied Statistics with S},
  author = {W. N. Venables and B. D. Ripley},
  publisher = {Springer},
  edition = {Fourth},
  address = {New York},
  year = {2002},
  note = {ISBN 0-387-95457-0},
  url = {https://www.stats.ox.ac.uk/pub/MASS4/},
}

@Article{colorspace2020a,
  title = {{colorspace}: A Toolbox for Manipulating and Assessing Colors and Palettes},
  author = {Achim Zeileis and Jason C. Fisher and Kurt Hornik and Ross Ihaka and Claire D. McWhite and Paul Murrell and Reto Stauffer and Claus O. Wilke},
  journal = {Journal of Statistical Software},
  year = {2020},
  volume = {96},
  number = {1},
  pages = {1--49},
  doi = {10.18637/jss.v096.i01},
}

@Article{colorspace2009a,
  title = {Escaping {RGB}land: Selecting Colors for Statistical Graphics},
  author = {Achim Zeileis and Kurt Hornik and Paul Murrell},
  journal = {Computational Statistics \& Data Analysis},
  year = {2009},
  volume = {53},
  number = {9},
  pages = {3259--3270},
  doi = {10.1016/j.csda.2008.11.033},
}

@Article{colorspace2009b,
  title = {Somewhere over the Rainbow: How to Make Effective Use of Colors in Meteorological Visualizations},
  author = {Reto Stauffer and Georg J. Mayr and Markus Dabernig and Achim Zeileis},
  journal = {Bulletin of the American Meteorological Society},
  year = {2009},
  volume = {96},
  number = {2},
  pages = {203--216},
  doi = {10.1175/BAMS-D-13-00155.1},
}

@Manual{corrplot2017,
  title = {R package "corrplot": Visualization of a Correlation Matrix},
  author = {Taiyun Wei and Viliam Simko},
  year = {2017},
  note = {(Version 0.84)},
  url = {https://github.com/taiyun/corrplot},
}

@Article{dotCall642018,
  title = {{dotCall64}: An {R} package providing an efficient interface to compiled {C}, {C++}, and {Fortran} code supporting long vectors},
  author = {Florian Gerber and Kaspar Moesinger and Reinhard Furrer},
  journal = {SoftwareX},
  year = {2018},
  volume = {7},
  pages = {217--221},
  issn = {2352-7110},
  doi = {10.1016/j.softx.2018.06.002},
}

@Article{dotCall642017,
  title = {Extending {R} packages to support 64-bit compiled code: An illustration with spam64 and {GIMMS} {NDVI3g} data},
  author = {Florian Gerber and Kaspar Moesinger and Reinhard Furrer},
  journal = {Computer & Geoscience},
  year = {2017},
  volume = {104},
  pages = {109--119},
  issn = {0098-3004},
  doi = {10.1016/j.cageo.2016.11.015},
}

@Book{effects2019,
  title = {An R Companion to Applied Regression},
  edition = {3rd},
  author = {John Fox and Sanford Weisberg},
  year = {2019},
  publisher = {Sage},
  address = {Thousand Oaks CA},
  url = {https://socialsciences.mcmaster.ca/jfox/Books/Companion/index.html},
}

@Article{effects2018,
  title = {Visualizing Fit and Lack of Fit in Complex Regression Models with Predictor Effect Plots and Partial Residuals},
  author = {John Fox and Sanford Weisberg},
  journal = {Journal of Statistical Software},
  year = {2018},
  volume = {87},
  number = {9},
  pages = {1--27},
  doi = {10.18637/jss.v087.i09},
  url = {https://www.jstatsoft.org/article/view/v087i09},
}

@Article{effects2003,
  title = {Effect Displays in {R} for Generalised Linear Models},
  author = {John Fox},
  journal = {Journal of Statistical Software},
  year = {2003},
  volume = {8},
  number = {15},
  pages = {1--27},
  url = {https://www.jstatsoft.org/article/view/v008i15},
}

@Article{effects2009,
  title = {Effect Displays in {R} for Multinomial and Proportional-Odds Logit Models: Extensions to the {effects} Package},
  author = {John Fox and Jangman Hong},
  journal = {Journal of Statistical Software},
  year = {2009},
  volume = {32},
  number = {1},
  pages = {1--24},
  url = {https://www.jstatsoft.org/article/view/v032i01},
}

@Article{effectsize2020,
  title = {{e}ffectsize: Estimation of Effect Size Indices and Standardized Parameters},
  author = {Mattan S. Ben-Shachar and Daniel Lüdecke and Dominique Makowski},
  year = {2020},
  journal = {Journal of Open Source Software},
  volume = {5},
  number = {56},
  pages = {2815},
  publisher = {The Open Journal},
  doi = {10.21105/joss.02815},
  url = {https://doi.org/10.21105/joss.02815},
}

@Article{Formula2010,
  title = {Extended Model Formulas in {R}: Multiple Parts and Multiple Responses},
  author = {Achim Zeileis and Yves Croissant},
  journal = {Journal of Statistical Software},
  year = {2010},
  volume = {34},
  number = {1},
  pages = {1--13},
  doi = {10.18637/jss.v034.i01},
}

@Misc{future2020,
  author = {Henrik Bengtsson},
  title = {A Unifying Framework for Parallel and Distributed Processing in R using Futures},
  year = {2020},
  month = {aug},
  eprint = {2008.00553},
  archiveprefix = {arXiv},
  primaryclass = {cs.DC},
  url = {https://arxiv.org/abs/2008.00553},
}

@Misc{geomorph2020a,
  title = {Geomorph: Software for geometric morphometric analyses. R package version 3.2.1.},
  author = {D.C. Adams and M.L. Collyer and A. Kaliontzopoulou},
  year = {2020},
  url = { https://cran.r-project.org/package=geomorph},
}

@Misc{geomorph2020b,
  title = {{RRPP}: Linear Model Evaluation with Randomized Residuals in a Permutation Procedure, R package version 0.5.2.},
  author = {M. L. Collyer and D. C. Adams},
  year = {2020},
  url = {https://cran.r-project.org/package=RRPP},
}

@Misc{geomorph2018a,
  title = {{RRPP}: An R package for fitting linear models to high‐dimensional data using residual randomization. },
  author = {M. L. Collyer and D. C. Adams},
  year = {2018},
  journal = {Methods in Ecology and Evolution},
  volume = {9},
  issue = {2},
  pages = {1772-1779},
  url = {https://besjournals.onlinelibrary.wiley.com/doi/10.1111/2041-210X.13029},
}

@Book{ggplot22016,
  author = {Hadley Wickham},
  title = {ggplot2: Elegant Graphics for Data Analysis},
  publisher = {Springer-Verlag New York},
  year = {2016},
  isbn = {978-3-319-24277-4},
  url = {https://ggplot2.tidyverse.org},
}

@Article{grImport2009,
  title = {Importing Vector Graphics: The {grImport} Package for {R}},
  author = {Paul Murrell},
  journal = {Journal of Statistical Software},
  year = {2009},
  volume = {30},
  number = {4},
  pages = {1--37},
  url = {http://www.jstatsoft.org/v30/i04/},
}

@Article{igraph2006,
  title = {The igraph software package for complex network research},
  author = {Gabor Csardi and Tamas Nepusz},
  journal = {InterJournal},
  volume = {Complex Systems},
  pages = {1695},
  year = {2006},
  url = {https://igraph.org},
}

@Article{insight2019,
  title = {{insight}: A Unified Interface to Access Information from Model Objects in {R}.},
  volume = {4},
  doi = {10.21105/joss.01412},
  number = {38},
  journal = {Journal of Open Source Software},
  author = {Daniel Lüdecke and Philip Waggoner and Dominique Makowski},
  year = {2019},
  pages = {1412},
}

@Article{jsonlite2014,
  title = {The jsonlite Package: A Practical and Consistent Mapping Between JSON Data and R Objects},
  author = {Jeroen Ooms},
  journal = {arXiv:1403.2805 [stat.CO]},
  year = {2014},
  url = {https://arxiv.org/abs/1403.2805},
}

@InProceedings{klaR2005,
  title = {klaR Analyzing German Business Cycles},
  author = {Claus Weihs and Uwe Ligges and Karsten Luebke and Nils Raabe},
  booktitle = {Data Analysis and Decision Support},
  editor = {D. Baier and R. Decker and L. Schmidt-Thieme},
  publisher = {Springer-Verlag},
  address = {Berlin},
  year = {2005},
  pages = {335-343},
}

@Book{knitr2015,
  title = {Dynamic Documents with {R} and knitr},
  author = {Yihui Xie},
  publisher = {Chapman and Hall/CRC},
  address = {Boca Raton, Florida},
  year = {2015},
  edition = {2nd},
  note = {ISBN 978-1498716963},
  url = {https://yihui.org/knitr/},
}

@InCollection{knitr2014,
  booktitle = {Implementing Reproducible Computational Research},
  editor = {Victoria Stodden and Friedrich Leisch and Roger D. Peng},
  title = {knitr: A Comprehensive Tool for Reproducible Research in {R}},
  author = {Yihui Xie},
  publisher = {Chapman and Hall/CRC},
  year = {2014},
  note = {ISBN 978-1466561595},
  url = {http://www.crcpress.com/product/isbn/9781466561595},
}

@Book{lattice2008,
  title = {Lattice: Multivariate Data Visualization with R},
  author = {Deepayan Sarkar},
  publisher = {Springer},
  address = {New York},
  year = {2008},
  note = {ISBN 978-0-387-75968-5},
  url = {http://lmdvr.r-forge.r-project.org},
}

@Article{lidR2020,
  author = {Jean-Romain Roussel and David Auty and Nicholas C. Coops and Piotr Tompalski and Tristan R.H. Goodbody and Andrew Sánchez Meador and Jean-François Bourdon and Florian {de Boissieu} and Alexis Achim},
  title = {lidR: An R package for analysis of Airborne Laser Scanning (ALS) data},
  journal = {Remote Sensing of Environment},
  volume = {251},
  pages = {112061},
  year = {2020},
  issn = {0034-4257},
  doi = {10.1016/j.rse.2020.112061},
  url = {https://www.sciencedirect.com/science/article/pii/S0034425720304314},
}

@Manual{limSolve2009a,
  title = {limSolve: Solving Linear Inverse Models
},
  year = {2009},
  author = {Karline Soetaert and Karel {Van den Meersche} and Dick {van Oevelen}},
  note = {R package 1.5.1},
}

@Article{limSolve2009b,
  author = {Karel {Van den Meersche} and Karline Soetaert and Dick {Van Oevelen}},
  title = {xsample(): An R Function for Sampling Linear Inverse Problems},
  journal = {Journal of Statistical Software, Code Snippets},
  volume = {30},
  number = {1},
  pages = {1--15},
  year = {2009},
  coden = {JSSOBK},
  issn = {1548-7660},
  url = {http://www.jstatsoft.org/v30/c01},
}

@Article{lme42015,
  title = {Fitting Linear Mixed-Effects Models Using {lme4}},
  author = {Douglas Bates and Martin M{\"a}chler and Ben Bolker and Steve Walker},
  journal = {Journal of Statistical Software},
  year = {2015},
  volume = {67},
  number = {1},
  pages = {1--48},
  doi = {10.18637/jss.v067.i01},
}

@Manual{lmom2019,
  title = {L-Moments},
  author = {J. R. M. Hosking},
  year = {2019},
  note = {R package, version 2.8},
  url = {https://CRAN.R-project.org/package=lmom},
}

@Article{lubridate2011,
  title = {Dates and Times Made Easy with {lubridate}},
  author = {Garrett Grolemund and Hadley Wickham},
  journal = {Journal of Statistical Software},
  year = {2011},
  volume = {40},
  number = {3},
  pages = {1--25},
  url = {https://www.jstatsoft.org/v40/i03/},
}

@Article{magic2005,
  title = {Recreational mathematics with R: introducing the
	 'magic' package.},
  author = {Robin K. S. Hankin},
  journal = {R News},
  year = {2005},
  month = {May},
  volume = {5},
  issue = {1},
}

@Book{MASS2002,
  title = {Modern Applied Statistics with S},
  author = {W. N. Venables and B. D. Ripley},
  publisher = {Springer},
  edition = {Fourth},
  address = {New York},
  year = {2002},
  note = {ISBN 0-387-95457-0},
  url = {https://www.stats.ox.ac.uk/pub/MASS4/},
}

@Article{mgcv2011,
  title = {Fast stable restricted maximum likelihood and marginal 
likelihood estimation of semiparametric generalized linear models},
  journal = {Journal of the Royal Statistical Society (B)},
  volume = {73},
  number = {1},
  pages = {3-36},
  year = {2011},
  author = {S. N. Wood},
}

@Article{mgcv2016,
  title = {Smoothing parameter and model selection for general smooth models (with discussion)},
  author = {S.N. Wood and {N.} and {Pya} and B. S{"a}fken},
  journal = {Journal of the American Statistical Association},
  year = {2016},
  pages = {1548-1575},
  volume = {111},
}

@Article{mgcv2004,
  title = {Stable and efficient multiple smoothing parameter estimation for 
         generalized additive models},
  journal = {Journal of the American Statistical Association},
  volume = {99},
  number = {467},
  pages = {673-686},
  year = {2004},
  author = {S. N. Wood},
}

@Book{mgcv2017,
  title = {Generalized Additive Models: An Introduction with R},
  year = {2017},
  author = {S.N Wood},
  edition = {2},
  publisher = {Chapman and Hall/CRC},
}

@Article{mgcv2003,
  title = {Thin-plate regression splines},
  journal = {Journal of the Royal Statistical Society (B)},
  volume = {65},
  number = {1},
  pages = {95-114},
  year = {2003},
  author = {S. N. Wood},
}

@Article{misc3d2008,
  title = {Computing and Displaying Isosurfaces in {R}},
  author = {Dai Feng and Luke Tierney},
  journal = {Journal of Statistical Software},
  year = {2008},
  volume = {28},
  number = {1},
  url = {https://www.jstatsoft.org/v28/i01/},
}

@InCollection{Morpho2017,
  author = {Stefan Schlager},
  title = {Morpho and Rvcg -- Shape Analysis in {R}},
  booktitle = {Statistical Shape and Deformation Analysis},
  publisher = {Academic Press},
  year = {2017},
  editor = {Guoyan Zheng and Shuo Li and Gabor Szekely},
  pages = {217--256},
  isbn = {9780128104934},
}

@Article{mosaic2017,
  author = {Randall Pruim and Daniel T Kaplan and Nicholas J Horton},
  title = {The mosaic Package: Helping Students to 'Think with Data' Using R},
  journal = {The R Journal},
  volume = {9},
  number = {1},
  pages = {77--102},
  year = {2017},
  url = {https://journal.r-project.org/archive/2017/RJ-2017-024/index.html},
}

@Book{mvtnorm2009,
  title = {Computation of Multivariate Normal and t Probabilities},
  author = {Alan Genz and Frank Bretz},
  series = {Lecture Notes in Statistics},
  year = {2009},
  publisher = {Springer-Verlag},
  address = {Heidelberg},
  isbn = {978-3-642-01688-2},
}

@Article{nloptr?,
  title = {The NLopt nonlinear-optimization package},
  author = {Steven G. Johnson},
  year = {?},
  journal = {?},
  volume = {?},
  number = {?},
  pages = {?},
}

@Book{nnet2002,
  title = {Modern Applied Statistics with S},
  author = {W. N. Venables and B. D. Ripley},
  publisher = {Springer},
  edition = {Fourth},
  address = {New York},
  year = {2002},
  note = {ISBN 0-387-95457-0},
  url = {https://www.stats.ox.ac.uk/pub/MASS4/},
}

@Article{parameters2020,
  title = {parameters: Extracting, Computing and Exploring the Parameters of Statistical Models using {R}.},
  volume = {5},
  doi = {10.21105/joss.02445},
  number = {53},
  journal = {Journal of Open Source Software},
  author = {Daniel Lüdecke and Mattan S. Ben-Shachar and Indrajeet Patil and Dominique Makowski},
  year = {2020},
  pages = {2445},
}

@Article{pbkrtest2014,
  title = {A Kenward-Roger Approximation and Parametric Bootstrap Methods for Tests in Linear Mixed Models -- The {R} Package {pbkrtest}},
  author = {Ulrich Halekoh and S{\o}ren H{\o}jsgaard},
  journal = {Journal of Statistical Software},
  year = {2014},
  volume = {59},
  number = {9},
  pages = {1--30},
  url = {http://www.jstatsoft.org/v59/i09/},
}

@Article{pitchRx2014,
  title = {Taming PITCHf/x Data with {pitchRx} and {XML2R}},
  author = {Carson Sievert},
  journal = {The R Journal},
  year = {2014},
  volume = {6},
  number = {1},
  url = {http://journal.r-project.org/archive/2014-1/sievert.pdf},
}

@Book{plotly2020,
  author = {Carson Sievert},
  title = {Interactive Web-Based Data Visualization with R, plotly, and shiny},
  publisher = {Chapman and Hall/CRC},
  year = {2020},
  isbn = {9781138331457},
  url = {https://plotly-r.com},
}

@Article{plotrix2006,
  year = {2006},
  title = {Plotrix: a package in the red light district of R},
  journal = {R-News},
  volume = {6},
  number = {4},
  pages = {8-12},
  author = {Lemon J},
}

@Article{plyr2011,
  title = {The Split-Apply-Combine Strategy for Data Analysis},
  author = {Hadley Wickham},
  journal = {Journal of Statistical Software},
  year = {2011},
  volume = {40},
  number = {1},
  pages = {1--29},
  url = {http://www.jstatsoft.org/v40/i01/},
}

@Article{powdR2021,
  author = {BM Butler and S Hillier},
  title = {powdR:An R package for quantitative mineralogy using full pattern summation of X-ray powder diffraction data},
  journal = {Computers and Geosciences},
  year = {2021},
  volume = {147},
  pages = {104662},
  url = {https://doi.org/10.1016/j.cageo.2020.104662},
}

@InProceedings{R.methodsS32003,
  author = {Henrik Bengtsson},
  title = {The {R.oo} package - Object-Oriented Programming with References Using Standard {R} Code},
  booktitle = {Proceedings of the 3rd International Workshop on Distributed Statistical Computing (DSC 2003)},
  year = {2003},
  editor = {Kurt Hornik and Friedrich Leisch and Achim Zeileis},
  address = {Vienna, Austria},
  month = {March},
  issn = {1609-395X},
  url = {https://www.r-project.org/conferences/DSC-2003/Proceedings/Bengtsson.pdf},
  howpublished = {https://www.r-project.org/conferences/DSC-2003/Proceedings/},
}

@InProceedings{R.oo2003,
  author = {Henrik Bengtsson},
  title = {The {R.oo} package - Object-Oriented Programming with References Using Standard {R} Code},
  booktitle = {Proceedings of the 3rd International Workshop on Distributed Statistical Computing (DSC 2003)},
  year = {2003},
  editor = {Kurt Hornik and Friedrich Leisch and Achim Zeileis},
  address = {Vienna, Austria},
  month = {March},
  issn = {1609-395X},
  url = {https://www.r-project.org/conferences/DSC-2003/Proceedings/Bengtsson.pdf},
  howpublished = {https://www.r-project.org/conferences/DSC-2003/Proceedings/},
}

@Book{Rcmdr2017,
  title = {Using the {R Commander}: A Point-and-Click Interface for {R}},
  author = {John Fox},
  year = {2017},
  publisher = {Chapman and Hall/CRC Press},
  address = {Boca Raton {FL}},
  url = {https://socialsciences.mcmaster.ca/jfox/Books/RCommander/},
}

@Article{Rcmdr2005,
  title = {The {R} {C}ommander: A Basic Statistics Graphical User Interface to {R}},
  author = {John Fox},
  year = {2005},
  journal = {Journal of Statistical Software},
  volume = {14},
  number = {9},
  pages = {1--42},
  url = {https://www.jstatsoft.org/article/view/v014i09},
}

@Article{Rcpp2011,
  title = {{Rcpp}: Seamless {R} and {C++} Integration},
  author = {Dirk Eddelbuettel and Romain Fran\c{c}ois},
  journal = {Journal of Statistical Software},
  year = {2011},
  volume = {40},
  number = {8},
  pages = {1--18},
  url = {https://www.jstatsoft.org/v40/i08/},
  doi = {10.18637/jss.v040.i08},
}

@Book{Rcpp2013,
  title = {Seamless {R} and {C++} Integration with {Rcpp}},
  author = {Dirk Eddelbuettel},
  publisher = {Springer},
  address = {New York},
  year = {2013},
  note = {ISBN 978-1-4614-6867-7},
  doi = {10.1007/978-1-4614-6868-4},
}

@Article{Rcpp2018,
  title = {{Extending 	extit{R} with 	extit{C++}: A Brief Introduction to 	extit{Rcpp}}},
  author = {Dirk Eddelbuettel and James Joseph Balamuta},
  journal = {The American Statistician},
  year = {2018},
  volume = {72},
  number = {1},
  pages = {28-36},
  url = {https://doi.org/10.1080/00031305.2017.1375990},
  doi = {10.1080/00031305.2017.1375990},
}

@Article{RcppArmadillo2014,
  title = {RcppArmadillo: Accelerating R with high-performance C++ linear algebra},
  author = {Dirk Eddelbuettel and Conrad Sanderson},
  journal = {Computational	Statistics and Data Analysis},
  year = {2014},
  volume = {71},
  month = {March},
  pages = {1054--1063},
  url = {http://dx.doi.org/10.1016/j.csda.2013.02.005},
}

@Article{RcppEigen2013,
  title = {Fast and Elegant Numerical Linear Algebra Using the {RcppEigen} Package},
  author = {Douglas Bates and Dirk Eddelbuettel},
  journal = {Journal of Statistical Software},
  year = {2013},
  volume = {52},
  number = {5},
  pages = {1--24},
  url = {https://www.jstatsoft.org/v52/i05/},
}

@Book{reldist1999,
  title = {Relative Distribution Methods in the Social Sciences},
  author = {Mark S. Handcock and Martina Morris},
  publisher = {Springer},
  address = {New York},
  year = {1999},
  note = {ISBN 0-387-98778-9},
  url = {http://www.stat.ucla.edu/~handcock/RelDist},
}

@Manual{reldist2016,
  author = {Mark S. Handcock},
  title = {Relative Distribution Methods},
  year = {2016},
  note = {Version 1.6-6.  Project home page at \ url{http://www.stat.ucla.edu/~handcock/RelDist}},
  address = {Los Angeles, CA},
  url = {https://CRAN.R-project.org/package=reldist},
}

@Article{reshape2007,
  author = {Hadley Wickham},
  journal = {Journal of Statistical Software},
  number = {12},
  title = {Reshaping data with the reshape package},
  url = {http://www.jstatsoft.org/v21/i12/paper},
  volume = {21},
  year = {2007},
}

@Article{reshape22007,
  title = {Reshaping Data with the {reshape} Package},
  author = {Hadley Wickham},
  journal = {Journal of Statistical Software},
  year = {2007},
  volume = {21},
  number = {12},
  pages = {1--20},
  url = {http://www.jstatsoft.org/v21/i12/},
}

@Book{rmarkdown2018,
  title = {R Markdown: The Definitive Guide},
  author = {Yihui Xie and J.J. Allaire and Garrett Grolemund},
  publisher = {Chapman and Hall/CRC},
  address = {Boca Raton, Florida},
  year = {2018},
  note = {ISBN 9781138359338},
  url = {https://bookdown.org/yihui/rmarkdown},
}

@Book{rmarkdown2020,
  title = {R Markdown Cookbook},
  author = {Yihui Xie and Christophe Dervieux and Emily Riederer},
  publisher = {Chapman and Hall/CRC},
  address = {Boca Raton, Florida},
  year = {2020},
  note = {ISBN 9780367563837},
  url = {https://bookdown.org/yihui/rmarkdown-cookbook},
}

@Book{rootSolve2009a,
  title = {A Practical Guide to Ecological Modelling. Using R as a Simulation Platform
},
  publisher = {Springer},
  year = {2009},
  author = {Karline Soetaert and Peter M.J. Herman},
  pages = {372},
  note = {ISBN 978-1-4020-8623-6},
}

@Manual{rootSolve2009b,
  title = {rootSolve: Nonlinear root finding, equilibrium and steady-state analysis of ordinary differential equations
},
  year = {2009},
  author = {Karline Soetaert},
  note = {R package 1.6},
}

@Misc{RRPP2019,
  title = {{RRPP}: Linear Model Evaluation with Randomized Residuals in a Permutation Procedure. R package version 0.4.0.},
  author = {M. L. Collyer and D. C. Adams},
  year = {2019},
  url = {https://CRAN.R-project.org/package=RRPP},
}

@Misc{RRPP2018,
  title = {{RRPP}: An R package for fitting linear models to high‐dimensional data using residual randomization. },
  author = {M. L. Collyer and D. C. Adams},
  year = {2018},
  journal = {Methods in Ecology and Evolution},
  volume = {9},
  issue = {2},
  pages = {1772-1779},
  url = {https://besjournals.onlinelibrary.wiley.com/doi/10.1111/2041-210X.13029},
}

@InCollection{Rvcg2017,
  author = {Stefan Schlager},
  title = {Morpho and Rvcg -- Shape Analysis in {R}},
  booktitle = {Statistical Shape and Deformation Analysis},
  publisher = {Academic Press},
  year = {2017},
  editor = {Guoyan Zheng and Shuo Li and Gabor Szekely},
  pages = {217--256},
  isbn = {9780128104934},
}

@Article{sandwich2020,
  title = {Various Versatile Variances: An Object-Oriented Implementation of Clustered Covariances in {R}},
  author = {Achim Zeileis and Susanne K\"oll and Nathaniel Graham},
  journal = {Journal of Statistical Software},
  year = {2020},
  volume = {95},
  number = {1},
  pages = {1--36},
  doi = {10.18637/jss.v095.i01},
}

@Article{sandwich2004,
  title = {Econometric Computing with {HC} and {HAC} Covariance Matrix Estimators},
  author = {Achim Zeileis},
  journal = {Journal of Statistical Software},
  year = {2004},
  volume = {11},
  number = {10},
  pages = {1--17},
  doi = {10.18637/jss.v011.i10},
}

@Article{sandwich2006,
  title = {Object-Oriented Computation of Sandwich Estimators},
  author = {Achim Zeileis},
  journal = {Journal of Statistical Software},
  year = {2006},
  volume = {16},
  number = {9},
  pages = {1--16},
  doi = {10.18637/jss.v016.i09},
}

@TechReport{selectr2012,
  title = {Introducing the selectr Package},
  author = {Simon Potter},
  institution = {The University of Auckland},
  address = {Auckland, New Zealand},
  year = {2012},
  url = {http://stattech.wordpress.fos.auckland.ac.nz/2012-10-introducing-the-selectr-package/},
}

@Article{sf2018,
  author = {Edzer Pebesma},
  title = {{Simple Features for R: Standardized Support for Spatial Vector Data}},
  year = {2018},
  journal = {{The R Journal}},
  doi = {10.32614/RJ-2018-009},
  url = {https://doi.org/10.32614/RJ-2018-009},
  pages = {439--446},
  volume = {10},
  number = {1},
}

@Manual{sjlabelled2020,
  title = {sjlabelled: Labelled Data Utility Functions (Version 1.1.7)},
  author = {Daniel Lüdecke},
  year = {2020},
  url = {https://CRAN.R-project.org/package=sjlabelled},
  doi = {10.5281/zenodo.1249215},
}

@Article{sjmisc2018,
  title = {sjmisc: Data and Variable Transformation Functions.},
  volume = {3},
  doi = {10.21105/joss.00754},
  number = {26},
  journal = {Journal of Open Source Software},
  author = {Daniel Lüdecke},
  year = {2018},
  pages = {754},
}

@Book{socviz2019,
  title = {Data Visualization: A Practical Introduction},
  author = {Kieran Healy},
  publisher = {Princeton University Press},
  address = {Princeton},
  year = {2019},
  url = {http://www.socviz.co},
}

@Article{soilphysics2015,
  title = {soilphysics: an R package to determine soil preconsolidation pressure},
  author = {A. R. da Silva and R. P. {de Lima}},
  journal = {Computers and Geosciences},
  year = {2015},
  volume = {84},
  pages = {54-60},
}

@Article{soilphysics2016,
  title = {soilphysics: an R package for calculating soil water availability to plants by different soil physical indices},
  author = {R. P. {de Lima} and A. R. da Silva and A. P. da Silva and T. P. Leao and M. R. Mosaddeghi},
  journal = {Computers and Eletronics in Agriculture},
  year = {2016},
  volume = {120},
  pages = {63-71},
}

@Article{soilphysics2017,
  title = {Determination of maximum curvature point with the R package soilphysics},
  author = {A. R. da Silva and R. P. {de Lima}},
  journal = {International Journal of Current Research},
  year = {2017},
  volume = {9},
  pages = {xx-yy},
}

@Article{soilphysics2021,
  title = {soilphysics: An R package for simulation of soil compaction induced by agricultural field traffic},
  author = {R. P. {de Lima} and A. R. da Silva and A. P. da Silva},
  journal = {Soil and Tillage Research},
  year = {2021},
  volume = {206},
  pages = {104824},
}

@Article{sp2005,
  author = {Edzer J. Pebesma and Roger S. Bivand},
  title = {Classes and methods for spatial data in {R}},
  journal = {R News},
  year = {2005},
  volume = {5},
  number = {2},
  pages = {9--13},
  month = {November},
  url = {https://CRAN.R-project.org/doc/Rnews/},
}

@Book{sp2013,
  author = {Roger S. Bivand and Edzer Pebesma and Virgilio Gomez-Rubio},
  title = {Applied spatial data analysis with {R}, Second edition},
  year = {2013},
  publisher = {Springer, NY},
  url = {https://asdar-book.org/},
}

@Article{spam2010,
  title = {{spam}: A Sparse Matrix {R} Package with Emphasis on {MCMC} Methods for {G}aussian {M}arkov Random Fields},
  author = {Reinhard Furrer and Stephan R. Sain},
  journal = {Journal of Statistical Software},
  year = {2010},
  volume = {36},
  number = {10},
  pages = {1--25},
  url = {http://www.jstatsoft.org/v36/i10/},
  doi = {10.18637/jss.v036.i10},
}

@Article{spam2015,
  title = {Pitfalls in the Implementation of {B}ayesian Hierarchical Modeling of Areal Count Data: An Illustration Using {BYM} and {L}eroux Models},
  author = {Florian Gerber and Reinhard Furrer},
  journal = {Journal of Statistical Software, Code Snippets},
  year = {2015},
  volume = {63},
  number = {1},
  pages = {1--32},
  url = {http://www.jstatsoft.org/v63/c01/},
  doi = {10.18637/jss.v063.c01},
}

@Article{spam2017,
  title = {Extending {R} packages to support 64-bit compiled code: An illustration with spam64 and {GIMMS} {NDVI3g} data},
  author = {Florian Gerber and Kaspar Moesinger and Reinhard Furrer},
  journal = {Computer & Geoscience},
  year = {2017},
  volume = {104},
  pages = {109--119},
  issn = {0098-3004},
  doi = {10.1016/j.cageo.2016.11.015},
}

@Article{spam642017a,
  title = {Extending {R} packages to support 64-bit compiled code: An illustration with spam64 and {GIMMS} {NDVI3g} data},
  author = {Florian Gerber and Kaspar Moesinger and Reinhard Furrer},
  journal = {Computer & Geoscience},
  year = {2017},
  volume = {104},
  pages = {109--119},
  issn = {0098-3004},
  doi = {10.1016/j.cageo.2016.11.015},
}

@Article{spam642017b,
  title = {{dotCall64}: An efficient interface to compiled {C/C++} and {F}ortran code supporting long vectors},
  author = {Florian Gerber and Kaspar Moesinger and Reinhard Furrer},
  journal = {arXiv},
  year = {2017},
  url = {https://arxiv.org/abs/1702.08188},
}

@Book{spatial2002,
  title = {Modern Applied Statistics with S},
  author = {W. N. Venables and B. D. Ripley},
  publisher = {Springer},
  edition = {Fourth},
  address = {New York},
  year = {2002},
  note = {ISBN 0-387-95457-0},
  url = {https://www.stats.ox.ac.uk/pub/MASS4/},
}

@Book{spatstat2015,
  title = {Spatial Point Patterns: Methodology and Applications with {R}},
  author = {Adrian Baddeley and Ege Rubak and Rolf Turner},
  year = {2015},
  publisher = {Chapman and Hall/CRC Press},
  address = {London},
  url = {http://www.crcpress.com/Spatial-Point-Patterns-Methodology-and-Applications-with-R/Baddeley-Rubak-Turner/9781482210200/},
}

@Article{spatstat2013,
  title = {Hybrids of Gibbs Point Process Models and Their Implementation},
  author = {Adrian Baddeley and Rolf Turner and Jorge Mateu and Andrew Bevan},
  journal = {Journal of Statistical Software},
  year = {2013},
  volume = {55},
  number = {11},
  pages = {1--43},
  url = {http://www.jstatsoft.org/v55/i11/},
}

@Article{spatstat2005,
  title = {{spatstat}: An {R} Package for Analyzing Spatial Point Patterns},
  author = {Adrian Baddeley and Rolf Turner},
  journal = {Journal of Statistical Software},
  year = {2005},
  volume = {12},
  number = {6},
  pages = {1--42},
  url = {http://www.jstatsoft.org/v12/i06/},
}

@Article{statmod2016a,
  author = {Goknur Giner and Gordon K. Smyth},
  year = {2016},
  title = {statmod: probability calculations for the inverse Gaussian distribution},
  journal = {R Journal},
  volume = {8},
  number = {1},
  pages = {339-351},
}

@Article{statmod2010a,
  author = {Belinda Phipson and Gordon K. Smyth},
  year = {2010},
  title = {Permutation p-values should never be zero: calculating exact p-values when permutations are randomly drawn},
  journal = {Statistical Applications in Genetics and Molecular Biology},
  volume = {9},
  number = {1},
  pages = {Article 39},
}

@Article{statmod2009a,
  author = {Yifang Hu and Gordon K. Smyth},
  year = {2009},
  title = {ELDA: extreme limiting dilution analysis for comparing depleted and enriched populations in stem cell and other assays},
  journal = {Journal of Immunological Methods},
  volume = {347},
  number = {1},
  pages = {70-78},
}

@Article{statmod2005a,
  author = {Gordon K. Smyth},
  title = {Optimization and nonlinear equations},
  journal = {Encyclopedia of Biostatistics},
  year = {2005},
  publisher = {John Wiley and Sons, Ltd},
  pages = {3088-3095},
}

@Article{statmod2005b,
  author = {Gordon K. Smyth},
  title = {Numerical integration},
  journal = {Encyclopedia of Biostatistics},
  year = {2005},
  publisher = {John Wiley and Sons, Ltd},
  pages = {3088-3095},
}

@Article{statmod2002a,
  author = {Gordon K. Smyth},
  year = {2002},
  title = {An efficient algorithm for REML in heteroscedastic regression},
  journal = {Journal of Computational and Graphical Statistics},
  volume = {11},
  pages = {836-847},
}

@Article{statmod1996a,
  author = {Peter K. Dunn and Gordon K. Smyth},
  year = {1996},
  title = {Randomized quantile residuals},
  journal = {J. Comput. Graph. Statist},
  volume = {5},
  pages = {236-244},
}

@Article{stringdist2014,
  title = {The stringdist package for approximate string matching},
  author = {M.P.J. {van der Loo}},
  year = {2014},
  journal = {The {R} {J}ournal},
  volume = {6},
  issue = {1},
  url = {https://CRAN.R-project.org/package=stringdist},
  pages = {111-122},
}

@Manual{stringi2020,
  title = {R package stringi: Character string processing facilities},
  author = {Marek Gagolewski},
  year = {2020},
  url = {http://www.gagolewski.com/software/stringi/},
}

@Article{survey2004,
  year = {2004},
  author = {Thomas Lumley},
  title = {Analysis of Complex Survey Samples},
  journal = {Journal of Statistical Software},
  volume = {9},
  number = {1},
  pages = {1-19},
  note = {R package verson 2.2},
}

@Book{survey2010,
  year = {2010},
  author = {Thomas Lumley},
  title = {Complex Surveys: A Guide to Analysis Using R: A Guide to Analysis Using R},
  publisher = {John Wiley and Sons},
}

@Book{survival-book,
  title = {Modeling Survival Data: Extending the {C}ox Model},
  author = {{Terry M. Therneau} and {Patricia M. Grambsch}},
  year = {2000},
  publisher = {Springer},
  address = {New York},
  isbn = {0-387-98784-3},
}

@Manual{tarchetypes2021,
  title = {tarchetypes: Archetypes for Targets},
  author = {William Michael Landau},
  year = {2021},
  note = {{https://docs.ropensci.org/tarchetypes/, https://github.com/ropensci/tarchetypes}},
}

@Manual{tcltk22021,
  title = {SciViews-R: A GUI API for R},
  author = {Philippe Grosjean},
  organization = {UMONS},
  address = {MONS, Belgium},
  year = {2021},
  url = {http://www.sciviews.org/SciViews-R},
}

@Article{testthat2011,
  author = {Hadley Wickham},
  title = {testthat: Get Started with Testing},
  journal = {The R Journal},
  year = {2011},
  volume = {3},
  pages = {5--10},
  url = {https://journal.r-project.org/archive/2011-1/RJournal_2011-1_Wickham.pdf},
}

@Article{tidytext2016,
  title = {tidytext: Text Mining and Analysis Using Tidy Data Principles in R},
  author = {Julia Silge and David Robinson},
  doi = {10.21105/joss.00037},
  url = {http://dx.doi.org/10.21105/joss.00037},
  year = {2016},
  publisher = {The Open Journal},
  volume = {1},
  number = {3},
  journal = {JOSS},
}

@Article{tidyverse2019,
  title = {Welcome to the {tidyverse}},
  author = {Hadley Wickham and Mara Averick and Jennifer Bryan and Winston Chang and Lucy D'Agostino McGowan and Romain François and Garrett Grolemund and Alex Hayes and Lionel Henry and Jim Hester and Max Kuhn and Thomas Lin Pedersen and Evan Miller and Stephan Milton Bache and Kirill Müller and Jeroen Ooms and David Robinson and Dana Paige Seidel and Vitalie Spinu and Kohske Takahashi and Davis Vaughan and Claus Wilke and Kara Woo and Hiroaki Yutani},
  year = {2019},
  journal = {Journal of Open Source Software},
  volume = {4},
  number = {43},
  pages = {1686},
  doi = {10.21105/joss.01686},
}

@Article{tinytex2019,
  title = {TinyTeX: A lightweight, cross-platform, and easy-to-maintain LaTeX distribution based on TeX Live},
  author = {Yihui Xie},
  journal = {TUGboat},
  year = {2019},
  volumne = {40},
  number = {1},
  pages = {30--32},
  url = {http://tug.org/TUGboat/Contents/contents40-1.html},
}

@Article{tokenizers2018,
  title = {Fast, Consistent Tokenization of Natural Language Text},
  author = {Lincoln A. Mullen and Kenneth Benoit and Os Keyes and Dmitry Selivanov and Jeffrey Arnold},
  journal = {Journal of Open Source Software},
  year = {2018},
  volume = {3},
  issue = {23},
  pages = {655},
  url = {https://doi.org/10.21105/joss.00655},
  doi = {10.21105/joss.00655},
}

@Article{units2016,
  title = {Measurement Units in {R}},
  author = {Edzer Pebesma and Thomas Mailund and James Hiebert},
  year = {2016},
  journal = {R Journal},
  doi = {10.32614/RJ-2016-061},
  pages = {486--494},
  volume = {8},
  number = {2},
}

@Article{zoo2005,
  title = {zoo: S3 Infrastructure for Regular and Irregular Time Series},
  author = {Achim Zeileis and Gabor Grothendieck},
  journal = {Journal of Statistical Software},
  year = {2005},
  volume = {14},
  number = {6},
  pages = {1--27},
  doi = {10.18637/jss.v014.i06},
}

